2046 3112
125 153 330 203 XXVII
349 148 438 219 67]
513 151 666 202 PRO
717 151 827 201 CN.
864 150 1199 200 PLANCIO
1250 148 1530 200 ORATIO
1731 163 1789 211 27

124 260 328 309 XXVII
386 258 504 308 huic
552 275 647 322 ego
699 256 798 308 iam
847 258 1164 308 stomachans
1211 257 1466 307 fastidiose
1510 255 1684 307 ‘immo
1733 273 1796 306 ex

123 338 317 401 Sicilia,'
340 338 556 403 inquam.
594 351 700 390 turn
726 339 944 403 quidam,
966 341 1106 403 quasi
1131 338 1213 402 qui
1233 337 1401 388 omnia
1419 336 1584 389 sciret:
1624 337 1798 401 ‘quid?

122 429 178 470 tu
214 421 394 471 nescis'
426 419 586 484 inquit
613 422 772 470 ‘hunc
807 430 1119 484 quaestorem
1151 418 1400 484 Syracusis
1436 419 1628 469 fuisse?
1673 418 1792 483 quid

124 502 310 551 multa?
332 501 498 551 destiti
517 501 813 552 stomachari
832 511 881 551 et
897 518 979 551 me
994 518 1147 551 unum
1172 518 1231 551 ex
1247 500 1315 551 eis
1331 499 1438 560 feci,
1457 500 1543 564 qui
1561 502 1626 550 ad
1642 517 1794 564 aquas

85 606 104 636 5
123 581 384 631 venissent.
424 582 511 631 sed
528 598 587 631 ea
601 599 691 642 reS,
709 581 912 640 iudiceS,
931 582 1065 630 haud
1084 581 1186 630 scio
1201 598 1265 630 an
1281 583 1392 645 plus
1408 580 1527 630 mihi
1543 580 1791 644 profuerit,

121 676 270 723 quam
296 659 337 710 si
360 661 481 710 mihi
507 672 610 710 tum
635 671 800 712 essent
826 678 1000 711 omnes
1024 660 1275 725 gratulati:
1304 678 1421 710 nam
1445 670 1620 725 postea
1643 677 1792 724 quam
1814 663 1875 710 66

119 741 250 791 sensi
290 742 464 806 populi
505 742 724 792 Romani
764 741 894 791 auris
936 741 1228 801 hebetioreS,
1267 743 1437 791 oculos
1478 751 1645 791 autem
1686 758 1792 791 esse

118 821 242 871 acris
266 833 417 886 atque
441 833 628 883 acutos,
655 822 822 873 destiti
847 822 966 886 quid
992 822 1056 872 de
1079 839 1161 872 me
1196 822 1411 872 audituri
1442 831 1607 871 essent
1637 821 1794 871 homi-

118 919 207 953 nes
232 903 445 967 cogitare
454 921 469 964 3
500 904 594 954 feci
617 913 672 953 ut
695 914 870 968 postea
893 903 1075 953 cotidie
1099 913 1408 967 praesentem
1440 919 1520 952 me
1544 902 1791 952 viderent:

59 1005 100 1028 ιο
119 983 336 1034 habitavi
359 985 411 1035 in
444 985 613 1045 oculis,
639 984 793 1049 pressi
823 987 1016 1046 forum3
1050 984 1301 1034 neminem
1325 1002 1356 1034 a
1379 1001 1645 1049 congressu
1675 1001 1791 1034 meo

118 1081 282 1128 neque
315 1065 494 1116 ianitor
528 1083 668 1115 meus
704 1082 867 1129 neque
900 1082 1104 1114 somnus
1136 1065 1408 1116 absterruit.
1481 1066 1661 1129 ecquid
1696 1082 1789 1129 ego

115 1147 280 1197 dicam
316 1148 382 1197 de
419 1147 673 1211 occupatis
711 1147 834 1197 meis
876 1147 1199 1211 temporibus,
1238 1147 1318 1196 cui
1354 1146 1497 1197 fuerit
1532 1163 1597 1196 ne
1631 1146 1788 1196 otium

114 1229 318 1292 quidem
335 1246 573 1293 umquam
598 1229 846 1280 otiosum?
881 1246 997 1278 nam
1017 1245 1139 1292 quas
1159 1239 1211 1278 tu
1231 1246 1607 1289 commemoras,
1630 1230 1784 1289 Cassi,

112 1310 274 1372 legere
308 1319 359 1359 te
394 1311 552 1360 solere
587 1309 849 1369 orationeS,
888 1326 1002 1358 cum
1037 1310 1225 1359 otiosus
1261 1311 1340 1369 sis,
1367 1312 1454 1359 has
1490 1327 1583 1374 ego
1618 1311 1788 1374 scripsi

53 1412 93 1443 ιε
113 1389 241 1439 ludis
275 1400 325 1440 et
359 1390 503 1451 feriis,
538 1408 602 1441 ne
643 1391 850 1441 omnino
886 1408 1123 1455 umquam
1154 1408 1314 1441 essem
1351 1391 1551 1441 otiosus.
1603 1392 1786 1441 etenim

113 1473 183 1519 M.
197 1471 402 1522 Catonis
417 1472 556 1531 illud,
577 1474 716 1536 quod
733 1471 784 1521 in
800 1471 1045 1536 principio
1064 1470 1258 1535 scripsit
1285 1471 1541 1535 Originum
1567 1490 1778 1531 suarum,

110 1568 309 1626 semper
337 1554 655 1618 magnificum
680 1565 729 1605 et
754 1557 1060 1619 praeclarum
1092 1555 1274 1619 putavi,
1303 1557 1544 1605 clarorum
1568 1555 1783 1606 virorum

109 1642 259 1696 atque
294 1651 586 1699 magnorum
618 1652 722 1686 non
745 1635 907 1685 minus
932 1635 1020 1685 otii
1044 1653 1196 1699 quam
1220 1635 1406 1700 negotii
1429 1637 1672 1686 rationem
1706 1653 1786 1687 ex-

110 1723 239 1763 stare
269 1724 510 1777 oportere.
581 1715 749 1779 itaque
774 1716 815 1764 si
840 1732 990 1779 quam
1014 1717 1179 1765 habeo
1204 1717 1418 1775 laudem,
1446 1733 1575 1779 quae
1600 1727 1784 1781 quanta

50 1821 92 1843 20
110 1791 171 1841 sit
194 1793 378 1854 nescio,
403 1804 544 1859 parta
568 1798 762 1845 Rornae
787 1806 874 1854 est,
893 1795 1116 1859 quaesita
1138 1796 1190 1844 in
1213 1798 1319 1845 foro
1328 1814 1343 1857 3
1367 1813 1578 1860 meaque
1595 1796 1783 1860 privata

109 1875 317 1926 consilia
355 1877 541 1941 publici
588 1894 789 1941 quoque
836 1895 977 1928 casus
1024 1879 1482 1942 comprobaverunt,
1525 1887 1582 1928 ut
1632 1878 1781 1928 etiam

108 1975 302 2008 summa
323 1976 399 2009 res
424 1961 626 2024 publica
648 1961 767 2009 mihi
793 1960 929 2011 domi
956 1961 1100 2010 fuerit
1131 1962 1349 2026 gerenda
1371 1970 1422 2011 et
1445 1962 1560 2011 urbs
1583 1959 1636 2010 in
1659 1963 1780 2011 urbe

107 2043 360 2091 servanda.
434 2044 611 2093 eadem
652 2042 809 2107 igitur,
852 2044 1009 2103 Cassi,
1046 2044 1127 2093 via
1167 2043 1359 2093 munita
1395 2043 1653 2093 Laterensi
1688 2054 1776 2104 est,
1801 2045 1863 2091 67

106 2123 240 2174 idem
274 2125 463 2175 virtutis
499 2142 668 2176 cursus
702 2128 767 2176 ad
799 2126 1017 2191 gloriam,
1053 2127 1149 2176 hoc
1181 2125 1367 2176 facilior
1394 2128 1612 2186 fortasse,
1637 2128 1777 2190 quod

46 2234 86 2264 25
107 2224 200 2271 ego
223 2208 321 2258 huc
343 2225 375 2258 a
398 2225 479 2258 me
515 2218 648 2258 ortus
681 2219 731 2258 et
761 2226 851 2273 per
882 2226 963 2258 me
998 2210 1141 2258 nixus
1173 2209 1388 2267 ascendi,
1415 2208 1551 2258 istius
1585 2207 1777 2272 egregia

103 2290 253 2340 virtus
276 2291 588 2341 adiuvabitur
610 2291 1047 2342 commendatione
1071 2291 1327 2340 maiorum.
1385 2292 1472 2340 sed
1497 2299 1551 2340 ut
1574 2291 1773 2339 redeam

103 2373 169 2421 ad
205 2373 476 2432 Plancium,
519 2390 792 2437 numquam
828 2390 888 2422 ex
922 2375 1044 2423 urbe
1078 2373 1199 2422 afuit
1239 2372 1333 2422 nisi
1374 2382 1504 2422 sorte
1545 2373 1653 2435 lege
1693 2388 1775 2421 ne-

103 2454 352 2504 cessitate:
387 2471 491 2504 non
513 2455 667 2504 valuit
690 2456 835 2505 rebus
859 2456 1034 2516 isdem,
1060 2455 1238 2519 quibus
1270 2457 1474 2505 fortasse
1502 2470 1606 2504 non
1629 2454 1772 2504 nulli:

103 2545 154 2586 at
168 2537 319 2586 valuit
336 2537 651 2598 adsiduitate,
667 2538 820 2587 valuit
844 2538 1165 2588 observandis
1189 2538 1373 2596 amicis,
1394 2536 1546 2585 valuit
1569 2536 1774 2586 liberali-

43 2644 86 2675 30
103 2627 236 2669 tate:
278 2618 370 2668 fuit
403 2618 455 2670 in
490 2619 660 2677 oculis,
698 2619 883 2682 petivit,
926 2636 985 2670 ea
1019 2629 1093 2668 est
1127 2635 1243 2668 usus
1277 2619 1468 2667 ratione
1491 2617 1634 2677 vitae,
1672 2634 1772 2681 qua

26 2722 30 2730 ·
102 2697 308 2748 minima
337 2697 522 2749 invidia
547 2699 666 2750 novi
689 2700 916 2750 homines
947 2700 1144 2765 plurimi
1176 2709 1288 2750 sunt
1321 2701 1526 2749 eosdem
1557 2699 1769 2749 honores

101 2779 366 2831 consecuti.
