2046 3112
225 93 287 152 38
646 91 722 138 M
767 90 993 139 TVLLI
1035 89 1444 139 CICERONIS
1633 87 1805 156 [IIXL
1830 105 1891 153 93

225 206 273 244 et
309 195 444 244 idem
479 211 588 244 sum
622 194 674 243 in
709 211 760 244 re
792 195 1004 258 publica,
1031 194 1117 258 qui
1152 194 1221 243 fui
1256 211 1460 258 semper,
1488 204 1721 244 tamenne
1755 196 1896 244 liber-

226 287 379 326 tatem
402 277 618 340 requires
647 279 848 326 meam?
883 293 1032 339 quam
1057 286 1110 326 tu
1134 276 1278 340 ponis
1307 277 1358 325 in
1390 293 1464 336 eo,
1491 277 1531 325 si
1556 294 1750 340 semper
1780 294 1895 325 cum

226 360 308 419 eiS,
336 359 630 423 quibuscum
662 359 930 421 aliquando
963 358 1324 417 contendimus,
1351 358 1690 421 depugnemus
1707 376 1721 419 ;
1756 358 1896 420 quod

226 450 298 490 est
333 442 480 504 longe
515 457 683 490 secus:
733 450 860 490 stare
897 440 1028 489 enim
1064 456 1238 489 omnes
1276 440 1514 488 debemus
1555 450 1809 502 tamquam
1845 438 1897 487 in

226 525 344 574 orbe
367 524 532 586 aliquo
555 523 625 572 rei
649 523 892 586 publicae,
920 523 1004 585 qui
1029 522 1266 585 quoniam
1290 531 1520 581 versatur,
1548 539 1658 571 earn
1682 522 1895 584 deligere
1943 548 1961 578 ς

226 615 430 668 partem,
473 606 537 654 ad
578 621 729 667 quam
770 622 861 654 nos
908 604 1036 653 illius
1083 604 1264 653 utilitas
1311 606 1540 666 salusque
1586 604 1891 654 converterit.

227 690 457 736 XXXIX
523 704 615 750 ego
657 696 822 736 autem
861 689 951 737 Cn.
994 686 1304 749 Pompeium,
1344 703 1447 735 non
1488 686 1602 735 dico
1644 696 1896 735 auctorem

226 772 406 819 ducem
445 770 754 818 defensorem
796 767 964 816 salutis
1010 784 1336 817 meae—nam
1376 769 1499 817 haec
1538 767 1764 830 privatim
1804 769 1897 816 for-

228 860 356 900 tasse
389 850 661 899 officiorum
697 850 985 898 memoriam
1011 860 1059 899 et
1089 849 1292 913 gratiam
1316 859 1638 912 quaerunt—,
1667 851 1755 899 sed
1779 850 1894 899 dico

226 934 337 991 hoc,
365 933 502 995 quod
537 932 601 980 ad
637 933 845 980 salutem
880 931 949 981 rei
984 932 1210 995 publicae
1245 932 1476 996 pertinet:
1517 949 1609 995 ego
1644 949 1759 981 eum
1791 949 1894 981 non
1917 959 1957 980 10

227 1026 378 1074 tuear,
408 1032 557 1078 quem
582 1032 756 1064 omnes
781 1015 832 1063 in
856 1032 907 1064 re
931 1015 1129 1078 publica
1152 1002 1426 1078 princip-em
1452 1031 1558 1064 esse
1578 1015 1896 1064 concedunt?

227 1115 318 1162 ego
356 1100 411 1149 C.
453 1097 675 1149 Caesaris
711 1098 938 1147 laudibus
971 1097 1145 1158 desim,
1184 1115 1306 1160 quas
1340 1098 1555 1161 primum
1590 1097 1761 1161 populi
1798 1100 1899 1147 Ro-

226 1180 374 1242 mani,
402 1197 536 1229 nunc
572 1181 722 1230 etiam
759 1191 971 1240 senatus,
1006 1180 1087 1229 cui
1122 1197 1202 1229 me
1239 1197 1434 1244 semper
1468 1181 1648 1240 addixi,
1676 1181 1896 1244 plurimis

227 1271 374 1326 atque
399 1262 712 1326 amplissimis
737 1262 930 1311 iudiciis
954 1262 1150 1312 videam
1176 1278 1283 1311 esse
1307 1264 1608 1312 celebratas?
1665 1273 1769 1312 tum
1794 1265 1899 1312 her-

226 1347 335 1394 cule
359 1362 440 1393 me
464 1347 700 1394 confitear
724 1362 825 1394 non
850 1345 1086 1394 iudicium
1111 1345 1316 1407 aliquod
1346 1346 1576 1395 habuisse
1600 1347 1663 1396 de
1688 1347 1897 1396 utilitate
1921 1374 1959 1405 15

226 1428 294 1477 rei
328 1428 570 1492 publicae,
605 1429 695 1477 sed
732 1428 1018 1476 hominibus
1056 1426 1394 1476 amicum‘aut
1434 1428 1689 1476 inimicum
1732 1428 1894 1478 fuisse.

139 1517 205 1566 94
227 1528 303 1572 an,
343 1528 458 1559 cum
492 1510 689 1560 videam
724 1527 902 1559 navem
940 1510 1173 1559 secundis
1209 1509 1368 1559 ventis
1409 1528 1606 1559 cursum
1643 1520 1898 1561 tenentem

227 1611 385 1654 suum,
412 1593 451 1642 si
484 1610 585 1642 non
619 1610 732 1642 eum
764 1602 901 1656 petat
935 1602 1150 1656 portum,
1178 1610 1328 1656 quem
1365 1610 1458 1657 ego
1492 1594 1760 1656 aliquando
1789 1612 1899 1658 pro-

227 1675 352 1735 bavi,
389 1676 477 1724 sed
513 1674 662 1724 alium
698 1692 802 1724 non
836 1674 999 1724 minus
1035 1685 1195 1724 tutum
1230 1685 1380 1739 atque
1414 1676 1743 1738 tranquillum,
1781 1694 1897 1725 cum

228 1765 522 1820 tempestate
556 1773 774 1821 pugnem
806 1757 1080 1821 periculose
1111 1756 1275 1821 potius
1308 1775 1459 1820 quam
1482 1757 1551 1806 illi
1576 1760 1732 1807 salute
1764 1776 1897 1822 prae·
1918 1788 1960 1810 20

227 1837 394 1886 sertim
431 1838 685 1902 proposita
726 1840 1066 1901 obtemperem
1105 1848 1154 1888 et
1194 1841 1425 1902 paream?
1493 1856 1586 1903 ego
1620 1857 1737 1888 vero
1774 1841 1898 1889 haec

228 1917 394 1975 didici,
417 1918 541 1966 haec
567 1918 679 1978 vidi,
707 1920 830 1968 haec
863 1917 1043 1982 scripta
1074 1918 1184 1982 legi,
1210 1919 1335 1967 haec
1358 1920 1421 1968 de
1447 1919 1816 1982 sapientissimis
1849 1930 1898 1970 et

227 1997 503 2047 clarissimis
526 1997 654 2053 ,viris
697 2007 746 2047 et
786 1998 837 2047 in
872 1999 967 2046 hac
995 2014 1047 2047 re
1082 1998 1278 2062 publica
1312 2007 1362 2048 et
1395 1998 1447 2047 in
1482 1999 1587 2047 aliis
1622 1999 1897 2050 civitatibus

228 2088 552 2128 monumenta
570 2079 712 2128 nobis
733 2088 781 2128 et
801 2079 987 2127 litterae
1006 2078 1341 2141 prodiderunt,
1359 2095 1462 2128 non
1481 2096 1674 2142 semper
1697 2081 1897 2130 easdem

227 2159 496 2208 sententias
530 2161 594 2208 ab
631 2159 835 2221 eisdem,
862 2162 952 2209 sed
987 2177 1325 2223 quascumque
1359 2159 1429 2209 rei
1463 2161 1690 2224 publicae
1725 2171 1893 2222 statUS,
1917 2191 1958 2220 25

226 2240 479 2290 inclinatio
515 2250 808 2304 temporum,
845 2243 969 2290 ratio
1011 2242 1307 2291 concordiae
1348 2244 1633 2306 postularet,
1671 2259 1779 2292 esse
1815 2246 1897 2293 de-

227 2325 401 2373 sensas.
491 2324 627 2387 quod
664 2340 756 2387 ego
795 2333 844 2373 et
880 2323 1021 2383 facio,
1061 2324 1353 2384 Laterensis,
1391 2334 1441 2374 et
1476 2341 1670 2388 semper
1703 2324 1894 2385 faciam,

227 2403 615 2467 libertatemque,
658 2420 807 2466 quam
845 2413 899 2454 tu
934 2403 986 2453 in
1021 2421 1102 2454 me
1147 2403 1363 2466 requiris,
1407 2421 1557 2467 quam
1598 2421 1690 2467 ego
1731 2421 1896 2467 neque

228 2483 390 2532 dimisi
420 2501 664 2547 umquam
699 2501 863 2548 neque
902 2484 1161 2544 dimittam,
1188 2501 1291 2533 non
1325 2484 1377 2533 in
1411 2484 1694 2548 pertinacia,
1719 2486 1808 2534 sed
1842 2485 1894 2533 in

227 2565 444 2624 quadam
467 2564 809 2613 moderatione
832 2564 1045 2627 positam
1068 2566 1270 2627 putabO.
1915 2592 1957 2622 30

143 2652 204 2700 95
329 2646 424 2693 XL
491 2647 539 2693 N
543 2661 640 2694 unc
656 2644 802 2694 venio
827 2646 891 2694 ad
915 2645 1035 2694 illud
1061 2655 1350 2706 extremum,
1368 2644 1421 2694 in
1445 2661 1545 2707 quo
1567 2644 1746 2705 dixisti,
1772 2647 1893 2696 dum

228 2723 414 2772 Plancii
437 2723 487 2772 in
512 2741 594 2774 me
617 2725 845 2774 meritum
867 2725 1029 2774 verbis
1062 2727 1363 2786 extollerem,
1389 2741 1471 2775 me
1495 2742 1659 2776 arcum
1680 2727 1840 2775 facere
1864 2743 1893 2776 e

229 2807 398 2856 cloaca
419 2805 737 2870 lapidemque
761 2822 789 2856 e
813 2807 1039 2870 sepulcro
1063 2805 1283 2856 venerari
1305 2823 1396 2872 pro
1419 2807 1538 2857 deo:
1572 2822 1735 2871 neque
1759 2807 1892 2857 enim
