2046 3112
281 199 345 256 84
518 243 523 245 ,
768 195 920 246 PRO
969 195 1079 246 CN.
1116 196 1450 246 PLANCIO
1629 193 1726 263 [XI
1760 197 1785 258 g
1811 194 1956 244 28—·

278 300 403 340 etiam
433 300 650 342 videbatur
679 300 759 342 hac
785 307 989 355 potestate
1016 302 1180 354 segnius
1207 303 1382 343 functus.
1442 302 1649 353 Quoniam
1678 302 1813 342 nullas
1841 314 1939 354 ergo

278 353 450 394 virtutes
468 354 810 395 eminentissimas
828 356 986 401 habuit,
1007 370 1108 408 quas
1134 358 1186 396 de
1213 356 1286 396 illo
1313 357 1578 408 praedicaret,
1603 356 1756 396 idcirco
1784 356 1940 408 aliquid

279 407 318 447 ei
337 408 479 448 volens
493 409 708 483 adquirere
726 410 779 448 ad
794 410 1068 462 suspicionem
1088 410 1277 471 ignaviae
1295 410 1606 481 repellendam‘
1619 423 1702 450 non
1717 417 1801 449 tam
1817 410 1938 449 vehe-

278 459 420 500 mens'
458 461 591 523 inquit
631 462 843 502 ‘tribunus
880 463 955 502 suit
991 476 1115 515 quam
1153 463 1305 503 ceteri’
1390 465 1445 503 Et
1481 464 1677 503 vivaciter
1713 464 1936 503 conclusit:

285 514 450 566 ‘quales
467 515 502 554 si
521 528 663 555 omnes
683 529 844 567 semper
861 516 1044 563 fuissent,
1064 529 1289 568 numquam
1308 517 1560 556 desideratus
1585 518 1806 558 vehemens
1833 523 1938 556 esset

279 568 508 617 tribunus3'
537 568 581 608 id
612 569 753 608 volens
780 570 964 622 intellegi
994 583 1068 622 per
1094 571 1310 610 seditiosos
1334 577 1375 610 et
1401 571 1794 612 turbulentissimos..
1803 581 1934 611 ..scu

279 632 422 662 ΑΜΒΚ.
475 622 582 662 Cum
597 622 810 662 Plancium
825 625 990 674 segnius
1002 624 1210 663 tribunatu
1226 637 1300 663 suo
1315 637 1438 676 quam
1458 625 1657 676 quosdam
1677 624 1940 676 conlegarum

279 676 465 715 functum
496 676 644 715 Cicero
676 689 826 728 negare
855 690 938 716 non
967 684 1119 729 posset,
1143 677 1308 717 laudem
1334 678 1371 717 ei
1394 678 1609 730 adquirere
1637 691 1687 718 ex
1711 692 1761 718 eo
1786 678 1934 726 studet,

280 730 391 782 quod
411 729 544 769 nihil
534 743 576 769 1n
595 730 804 770 tribunatu
824 730 1025 770 eiusmodi
1051 732 1219 770 molitus
1245 732 1312 776 sit,
1332 737 1376 771 ut
1406 731 1487 783 qui
1516 731 1828 771 obsisterent
1858 732 1938 771 tri-

278 783 425 823 bunis
443 783 827 824 vehementibus
846 797 971 836 opus
988 784 1170 832 fuerit3
1198 791 1389 837 recteque
1407 798 1504 825 sane
1523 799 1746 838 numquam
1761 786 1939 825 futurum

279 837 403 877 fuisse
421 843 575 882 monet,
595 843 640 877 ut
659 837 812 877 tribuni
831 838 1095 878 vehementes
1115 839 1453 886 desiderarentur,
1470 839 1504 878 si
1524 852 1665 878 omnes
1684 846 1728 879 ut
1750 839 1940 879 Plancius

280 904 306 930 a
337 891 457 933 rebus
486 891 604 930 novis
636 891 857 931 moliendis
886 905 974 931 sese
1006 892 1310 932 abstinuissent.
1381 893 1448 932 Ita
1480 893 1556 932 etsi
1588 893 1688 932 scite
1720 899 1761 933 et
1793 893 1943 933 callide

283 945 425 984 Planci
455 946 708 984 tribunatum
733 946 888 991 laudat,
922 946 1063 986 revera
1095 952 1234 985 tamen
1266 946 1448 986 minume
1476 960 1553 986 nec
1584 946 1718 998 potuit
1750 947 1938 999 probare,

281 1011 374 1038 cum
402 998 511 1038 illius
539 999 637 1039 anni
665 1005 852 1051 tempora
880 999 1125 1051 flagitarent,
1154 1007 1198 1040 ut
1226 1000 1482 1040 vehementis
1509 1013 1552 1039 se
1581 1000 1734 1040 tribuni
1761 1008 1939 1052 praesta-

281 1059 383 1100 rent,
407 1053 477 1105 qui
497 1059 608 1092 recte
626 1053 874 1105 gubernasse
898 1067 1030 1106 remp.
1051 1054 1182 1093 videri
1210 1054 1378 1101 vellent,
1405 1067 1481 1094 nec
1509 1054 1699 1106 probavit
1725 1067 1935 1108 umquam,

280 1107 352 1146 ubi
371 1120 422 1146 ex
440 1106 567 1146 animi
586 1107 791 1147 sententia
809 1107 861 1148 de
879 1107 1055 1147 tribunis
1073 1107 1184 1147 illius
1202 1107 1300 1147 anni
1318 1084 1516 1148 iudicium
1534 1108 1644 1148 fecit.
1695 1118 1753 1148 w.

358 1190 754 1240 1.9.quam13t1]
783 1190 853 1230 the
873 1189 1057 1230 tribunes
1078 1189 1127 1230 of
1149 1190 1220 1230 the
1247 1203 1346 1242 year
1373 1201 1413 1230 Β.
1423 1201 1462 1231 c.
1493 1201 1557 1242 5‚7
1592 1191 1704 1243 eight
1733 1190 1782 1231 of
1802 1191 1949 1231 whom·

280 1256 390 1284 were
417 1243 460 1283 in
488 1244 632 1284 favour
655 1245 703 1284 of
726 1244 886 1284 Cicero.
945 1245 1038 1284 The
1057 1250 1161 1284 term
1180 1245 1387 1284 vehemens
1403 1258 1488 1284 was
1506 1245 1680 1285 suitable
1699 1252 1742 1285 to
1760 1246 1810 1285 T.
1837 1245 1942 1285 Milo

281 1298 364 1337 and
384 1299 429 1338 P.
454 1298 610 1338 Sestius
630 1304 819 1352 amongst
838 1299 966 1344 them,
986 1299 1162 1339 because
1180 1299 1237 1350 by
1255 1299 1362 1338 their
1380 1305 1503 1339 street
1522 1299 1645 1350 fights
1669 1299 1766 1350 they
1785 1299 1941 1338 carried

280 1352 352 1391 the
378 1358 516 1392 return
541 1353 589 1392 of
610 1353 771 1398 Cicero,
801 1353 903 1392 Intr.
934 1354 956 1400 ἓ
983 1366 1020 1394 2.
1080 1353 1121 1392 It
1146 1366 1232 1392 was
1258 1358 1334 1391 not
1361 1353 1595 1404 applieable
1623 1359 1666 1392 to
1696 1366 1778 1404 any
1802 1353 1850 1392 of
1871 1353 1942 1393 the

281 1406 512 1458 colleagues
544 1405 592 1445 of
625 1407 817 1446 Plancius
849 1406 897 1446 of
922 1406 995 1446 the
1023 1419 1119 1458 year
1153 1405 1217 1455 56,
1254 1413 1446 1458 amongst
1475 1407 1614 1446 whom
1644 1420 1706 1446 we
1740 1407 1867 1446 know
1899 1406 1947 1446 os

282 1460 331 1500 L.
358 1460 552 1508 Racilius,
577 1473 602 1500 a
620 1460 753 1500 friend
773 1460 821 1499 of
834 1460 905 1500 the
924 1473 1004 1500 cos,
1031 1459 1245 1504 Lentulus,
1266 1460 1471 1499 Antistius
1490 1460 1621 1500 Vetus
1639 1461 1722 1500 and
1753 1461 1797 1500 P.
1824 1461 1939 1501 Ruti·

281 1513 360 1553 lius
389 1514 543 1566 Lupus,
568 1527 621 1553 an
649 1527 797 1566 enemy
815 1515 864 1554 of
886 1514 1071 1561 Clodius,
1105 1514 1187 1553 and
1217 1514 1267 1554 C.
1302 1514 1409 1553 Cato
1436 1514 1518 1553 and
1548 1515 1597 1554 C.
1631 1514 1810 1560 Cassius,
1838 1515 1941 1554 both

282 1567 436 1607 friends
461 1568 508 1607 of
530 1568 716 1608 Clodius.
777 1567 1012 1607 Laterensis
1031 1567 1181 1607 indeed
1199 1567 1405 1607 mentions
1425 1567 1607 1607 Racilius
1625 1569 1647 1616 ἓ
1669 1578 1732 1618 77,
1755 1568 1828 1608 but
1848 1582 1943 1620 may

279 1621 386 1661 have
413 1622 457 1661 in
485 1622 549 1661 his
577 1622 727 1674 speech
746 1622 926 1662 extolled
947 1622 1017 1661 the
1035 1621 1206 1673 activity
1224 1622 1272 1661 of
1285 1621 1355 1661 the
1374 1621 1524 1661 former
1543 1621 1737 1669 tribunes,
1761 1622 1804 1660 in
1823 1623 1941 1662 order

280 1681 326 1769 th
353 1675 586 1728 depreciate
614 1676 685 1717 the
712 1676 888 1717 services
915 1676 963 1715 of
986 1675 1178 1716 Plancius
1206 1681 1251 1716 to
1279 1675 1425 1716 Cicero
1453 1676 1508 1728 by
1531 1675 1596 1716 his
1623 1675 1873 1728 description
1900 1677 1949 1717 of

281 1735 297 1770 t
328 1742 407 1770 em.
465 1733 621 1771 1<onss

904 1886 1190 1929 CHAPTER
1217 1888 1308 1928 XII

362 1998 734 2047 §29,1.12.1n
769 1997 1044 2047 scaena]=in
1081 2002 1351 2049 conspectu
1388 1995 1614 2044 omnium,
1654 1994 1716 2036 lit.
1761 1998 1836 2035 ‘on
1873 1994 1943 2036 the

281 2057 396 2104 stage
425 2052 451 2092 i.
467 2066 503 2092 e.
534 2052 583 2091 of
609 2052 750 2104 public
779 2050 878 2098 life,’
912 2065 938 2091 a
967 2051 1201 2103 proverbial
1233 2051 1485 2103 expression,
1517 2051 1569 2090 cf.
1604 2026 1845 2090 ’Pseudocic.
1875 2063 1942 2102 ep.

281 2108 335 2146 ad
356 2108 467 2145 Brut.
495 2117 510 2146 1
531 2117 556 2158 9
575 2108 596 2154 ἓ
618 2119 639 2145 2
659 2106 738 2145 tibi
755 2118 868 2145 nunc
878 2106 1028 2157 populo
1046 2110 1085 2144 ct
1105 2118 1318 2152 scaenae,
1348 2110 1399 2144 ut
1419 2104 1587 2153 dicitur,
1610 2104 1866 2143 servtendum
1889 2109 1945 2142 est

281 2160 309 2199 i.
318 2174 353 2199 e.
386 2164 492 2211 ‘you
528 2166 636 2199 must
675 2160 757 2199 live
796 2159 841 2199 in
871 2159 942 2198 the
970 2159 1111 2210 public
1143 2172 1228 2210 eye,
1238 2156 1331 2197 'de
1361 2165 1463 2198 orat.
1499 2168 1555 2198 111
1584 2160 1605 2206 ἓ
1635 2157 1722 2203 162,
1754 2157 1944 2209 quamvis

279 2214 495 2265 sphaeram
522 2214 569 2252 in
601 2226 844 2260 scaenam,
871 2218 919 2252 ut
939 2213 1107 2261 dicztur,
1139 2213 1327 2251 attulerzt
1352 2213 1540 2258 Ennzus,
1571 2212 1628 2251 ib.
1657 2221 1693 2250 11
1724 2213 1745 2259 ξ
1770 2213 1861 2261 338,
1891 2211 1943 2250 de

281 2281 363 2307 am.
385 2269 405 2316 ἓ
425 2277 490 2318 97,
516 2267 620 2307 Hor.
649 2268 736 2307 Sat.
756 2278 790 2306 11
813 2281 846 2315 1,
868 2276 912 2315 71
936 2268 1009 2306 ubz
1023 2281 1063 2306 se
1079 2280 1106 2306 a
1124 2267 1235 2317 volgo
1253 2272 1289 2305 et
1304 2279 1478 2305 scaena
1497 2279 1542 2305 ιη
1561 2271 1706 2305 secreta
1724 2270 1942 2310 remorant,
1964 2314 1970 2317 Π

280 2321 393 2363 Ovid
411 2321 534 2361 Trist.
562 2331 577 2360 1
599 2333 624 2373 9
642 2321 671 2360 1.
692 2323 744 2372 48
762 2334 935 2360 scaena
956 2327 1095 2360 manet
1111 2321 1216 2360 dotes
1228 2320 1418 2372 grandis,
1442 2320 1581 2367 amice,
1601 2326 1706 2359 tuas.

362 2390 402 2426 81
428 2389 617 2427 minus-
628 2391 678 2427 at.
706 2388 840 2437 certe]
884 2387 944 2426 ‘if
967 2394 1163 2439 not—yet
1193 2394 1235 2427 at
1265 2387 1396 2432 least?
1427 2387 1476 2427 cf.
1513 2388 1536 2435 5
1567 2398 1615 2437 35
1650 2385 1677 2424 1.
1709 2397 1773 2436 32,
1807 2398 1867 2426 or.
1899 2399 1941 2438 p.

281 2440 330 2479 P.
352 2441 518 2503 Quinct.
538 2443 559 2490 ξ
581 2451 632 2495 97
657 2442 872 2481 obsecravit
896 2447 947 2480 ut
969 2442 1170 2494 alzquam,
1190 2442 1235 2480 si
1255 2455 1350 2481 non
1367 2447 1428 2493 pt
1427 2440 1710 2492 opinquisstatzs
1730 2445 1780 2478 at
1800 2441 1943 2478 aetatis

279 2508 387 2542 suae,
412 2496 456 2533 si
472 2508 568 2534 non
597 2495 793 2540 hamanis,
814 2501 866 2534 at
883 2492 1159 2535 humamtatzs
1177 2496 1375 2535 wltonem
1392 2495 1567 2542 haberet,
1591 2507 1650 2533 or.
1671 2507 1711 2545 p.
1737 2494 1828 2532 Mil.
1849 2496 1915 2546 §9
1890 2506 1940 2546 93

279 2549 325 2587 sz'
359 2548 465 2587 mzhi
491 2549 593 2587 bona
626 2561 671 2587 re
697 2550 863 2600 publica
886 2549 991 2601 fruz
1018 2563 1101 2588 non
1133 2549 1301 2598 licuerat,
1337 2554 1389 2588 at
1421 2549 1558 2588 carebo
1586 2548 1710 2587 mala.
1770 2547 1836 2587 Cf.
1867 2547 1941 2587 Gr.

281 2604 317 2641 εἰ
330 2600 561 2651 μή-ἀλλά,
587 2602 789 2642 Devarius
809 2604 860 2642 de
880 2610 986 2655 part.
1007 2604 1074 2644 ed.
1094 2604 1230 2652 Klotz,
1256 2617 1296 2656 p.
1321 2602 1360 2650 6,
1382 2616 1425 2655 p.
1451 2615 1513 2654 14.

299 2718 301 2721 .
357 2683 390 2722 1.
413 2685 475 2722 13.
531 2685 585 2722 ut
602 2685 727 2722 vivat
745 2693 843 2722 cum
862 2683 970 2733 suls]
1005 2685 1015 2704 ‘
1027 2683 1123 2724 how
1141 2684 1195 2724 he
1214 2684 1315 2724 lives
1338 2683 1436 2724 with
1455 2683 1520 2723 his
1540 2681 1713 2736 family)

358 2761 839 2810 1.14.p10tas]‘filial
860 2761 989 2814 duty‚’
1010 2762 1107 2802 here
1127 2763 1340 2803 described
1360 2776 1405 2803 as
1410 2763 1738 2813 fundamentum
1757 2763 1941 2803 omnium

278 2813 501 2861 virtutum,
521 2815 564 2854 in
583 2817 603 2864 ἓ
623 2817 674 2855 80
693 2816 722 2856 1.
742 2814 768 2856 6
789 2829 833 2855 as
852 2817 1041 2856 voluntas
1054 2823 1179 2869 grata
1200 2818 1247 2857 in
1257 2818 1461 2870 parentis.

357 2896 669 2936 1.15.mu1to
688 2896 830 2946 secus]
857 2908 915 2937 sc.
934 2910 988 2938 ac
1009 2897 1137 2938 deus,

2012 2096 2046 2926 ἕνα-ΛΜ-
2040 2057 2046 2085 --
