2046 3112
228 172 292 220 90
715 156 866 206 PRO
917 156 1025 205 CN.
1063 156 1397 207 PLANCIO
1515 154 1672 223 [xm
1708 159 1732 220 5
1756 173 1888 220 31—-

838 441 1124 482 CHAPTER
1162 442 1279 482 XIII

305 560 338 599 1.
366 562 428 600 14.
485 557 653 608 obesse]
686 558 748 598 ‘to
774 557 829 598 be
855 571 881 598 a
909 558 1193 610 presumption
1221 556 1454 610 against,’§
1481 557 1579 610 231.
1601 569 1639 610 5.
1699 558 1892 599 Plancius

228 613 297 653 the
315 614 428 653 elder
445 613 528 652 had
543 615 663 653 made
683 612 852 652 himself
865 612 1145 663 disagreeable
1165 619 1208 651 to
1229 615 1298 652 the
1322 612 1491 664 leading
1517 613 1721 652 members
1749 614 1798 652 of
1819 612 1891 652 the

227 674 380 714 senate,
409 668 526 716 (Intr.
559 669 580 715 §
600 665 639 718 4)
658 681 670 715 3
707 666 923 711 therefore,
944 666 1168 718 according
1192 673 1237 704 to
1261 666 1331 705 the
1357 666 1462 705 view
1487 665 1534 704 of
1559 667 1803 714 Laterensis,
1822 666 1892 705 the

229 722 492 761 intercession
512 721 558 760 of
573 722 641 760 the
660 719 792 759 father
811 720 854 758 in
873 720 937 759 his
957 718 1066 759 son's
1084 719 1230 759 behalf
1245 720 1382 759 would
1405 720 1458 760 be
1477 733 1591 760 more
1610 720 1738 772 likely
1758 727 1801 759 to
1820 719 1893 760 tell

228 776 386 828 against
405 775 492 815 him
512 775 612 814 than
626 775 670 814 in
687 774 750 813 his
769 772 925 813 favour.

307 854 636 904 pater—debet]
673 854 784 906 quod
824 853 877 893 de
911 860 1029 905 patre
1061 853 1175 900 dicit,
1203 853 1307 894 illud
1334 861 1420 902 est3
1450 868 1541 895 curn
1570 855 1761 907 princeps
1789 861 1894 895 esset

229 910 540 962 publicanorum
561 909 640 948 Cn.
663 907 822 946 Plancii
842 914 972 960 pater,
994 915 1034 946 et
1058 908 1232 947 societas
1257 909 1402 948 eadem
1432 909 1474 948 in
1502 910 1738 948 exercendis
1765 909 1891 949 vecti·

229 964 389 1015 galibus
408 963 650 1015 gravissimo
669 963 822 1001 damno
844 962 1052 1000 videretur
1078 962 1253 1008 adfecta,
1283 963 1560 1002 desideratum
1588 969 1650 1002 est
1678 963 1722 1002 in
1749 969 1894 1002 senatu

230 1018 394 1056 nomine
425 1017 750 1068 publicanorum,
783 1022 829 1054 ut
861 1028 955 1055 cum
985 1015 1043 1054 eis
1070 1015 1174 1055 ratio
1203 1022 1414 1068 putaretur
1441 1016 1532 1068 lege
1563 1016 1819 1068 Sempronia,
1854 1023 1895 1056 et

229 1071 477 1110 remissionis
505 1077 666 1110 tantum
691 1070 805 1109 fieret
833 1069 886 1108 de
913 1082 1073 1108 summa
1101 1070 1289 1121 pecunia,
1317 1077 1517 1122 quantum
1546 1071 1729 1122 aequitas
1757 1076 1894 1122 postu-

229 1125 344 1174 laret,
369 1138 444 1177 pro
462 1127 690 1177 quantitate
709 1124 966 1171 damnorum,
991 1123 1139 1174 quibus
1158 1123 1317 1163 fuerant
1338 1124 1476 1163 hostili
1496 1124 1729 1164 incursione
1743 1124 1893 1163 vexati.

231 1178 378 1218 Adfuit
418 1179 541 1229 igitur
579 1178 731 1217 Caesar
768 1190 916 1217 causae
951 1177 1277 1229 publicanorum.
1340 1178 1528 1218 Caesaris
1556 1177 1770 1217 desideriis
1799 1190 1895 1216 con·

231 1233 396 1272 tradixit
422 1246 497 1285 pro
524 1232 664 1283 vigore
692 1231 867 1270 duritiae
897 1244 994 1270 suae
1027 1232 1088 1270 M.
1125 1232 1245 1279 Cato,
1281 1237 1322 1271 et
1355 1232 1467 1271 diem
1497 1238 1631 1271 totum
1659 1231 1896 1283 prolixitate

231 1287 427 1326 orationis
456 1300 552 1325 suae
581 1285 812 1337 occupavit,
842 1290 886 1324 ut
914 1291 1080 1324 senatus
1107 1285 1355 1324 decernendi
1383 1287 1563 1337 spatium
1594 1298 1679 1324 non
1709 1285 1895 1325 haberet.

234 1342 288 1380 Et
324 1341 367 1380 id
405 1347 566 1392 tempus
603 1352 700 1391 ergo
738 1338 972 1378 Laterensis
1007 1339 1276 1378 denotaverat
1314 1339 1564 1378 invidiosum
1602 1339 1773 1378 Plancio
1809 1352 1897 1378 esse

232 1395 436 1440 debuisse,
457 1393 675 1446 quominus
695 1392 807 1432 fieret
828 1392 986 1438 aedilis,
1008 1393 1173 1444 quando
1193 1400 1310 1445 pater
1328 1393 1414 1432 eius
1440 1394 1642 1445 quaedam
1671 1393 1839 1432 liberius
1857 1399 1898 1432 et

232 1451 407 1488 exertius
426 1449 620 1487 adversus
639 1447 840 1498 quosdam
860 1447 1060 1498 primores
1079 1454 1243 1486 senatus
1263 1447 1306 1485 in
1321 1447 1636 1498 publicanorum
1650 1446 1896 1497 allegatione

233 1502 415 1541 dixisset.
475 1502 523 1540 Id
554 1507 718 1541 revocat
747 1507 884 1539 orator
912 1500 965 1539 ad
994 1500 1291 1546 defensionem,
1322 1501 1484 1540 licuisse
1511 1500 1653 1540 dicens
1679 1500 1898 1553 unicuique

232 1556 285 1596 de
303 1559 386 1596 suis
405 1556 562 1595 iniuriis
581 1555 708 1595 libere
728 1553 936 1606 conqueri.
996 1563 1157 1594 SCHOL.
1177 1564 1376 1594 AMBROS-

312 1654 343 1690 1.
367 1655 430 1690 15.
486 1650 555 1699 ut]
583 1650 683 1690 used
704 1649 817 1689 osan
836 1649 1076 1701 impossible
1095 1648 1354 1701 supposition
1381 1655 1456 1701 put
1485 1647 1834 1700 interrogatively,
1853 1653 1898 1688 to

233 1718 398 1757 express
425 1704 685 1756 indignation
715 1717 761 1743 or
786 1705 975 1755 surprise,
1007 1703 1151 1742 Madv.
1174 1704 1246 1743 Gr.
1268 1704 1289 1750 ξ
1311 1714 1387 1754 353
1413 1704 1507 1749 obs.,
1530 1703 1651 1753 Roby
1676 1713 1711 1742 11
1733 1705 1754 1750 ἓ
1779 1703 1893 1754 1708,

235 1760 375 1799 Kenn.
396 1759 469 1799 Gr.
490 1772 532 1811 p.
554 1760 647 1808 438,
668 1758 819 1809 Zumpt
838 1758 910 1797 Gr.
936 1755 1072 1807 §609.
1129 1756 1194 1796 Cf.
1224 1757 1341 1796 Verr.
1374 1766 1428 1795 111
1463 1769 1510 1796 10
1537 1759 1559 1804 ἕ
1591 1755 1641 1796 26
1669 1756 1816 1796 iudicio
1843 1762 1901 1795 ut

233 1818 377 1852 arator
397 1813 669 1852 decumanum
682 1811 995 1863 persequatur?‚
1022 1812 1112 1851 Cat.
1139 1820 1155 1849 1
1175 1812 1196 1858 ἓ
1217 1822 1265 1850 22
1293 1816 1340 1849 tn
1364 1815 1418 1849 ut
1443 1811 1574 1849 ullam
1589 1811 1745 1862 sugam
1775 1810 1898 1850 medi·

234 1867 342 1906 tere?
366 1871 414 1906 tu
441 1872 497 1905 ut
520 1866 691 1905 exilium
719 1866 1023 1916 cogites,·Tusc.
1054 1874 1091 1903 11
1116 1865 1139 1912 ἓ
1164 1875 1215 1914 43
1243 1877 1360 1915 egone
1388 1870 1441 1902 ut
1467 1870 1504 1903 te
1521 1864 1799 1915 interpellem?
1830 1868 1899 1903 ‘to

235 1920 356 1961 think
386 1920 435 1959 of
461 1934 531 1972 my
559 1919 835 1971 interrupting
860 1919 987 1970 you!'
1042 1921 1091 1958 111
1117 1921 1279 1957 iudicio
1311 1918 1487 1967 capitis]
1519 1924 1592 1957 not
1622 1918 1719 1969 only
1749 1931 1775 1957 a
1804 1917 1899 1957 trial

235 1974 299 2014 for
326 1974 396 2014 life
425 1975 498 2013 but
532 1987 612 2024 any
636 1973 730 2012 trial
758 1973 893 2012 which
921 1973 1063 2012 affects
1091 1985 1117 2011 a
1143 1970 1274 2011 man’s
1302 1973 1496 2023 standing
1523 1985 1568 2011 as
1595 1984 1621 2010 a
1648 1971 1806 2017 citizen,
1834 1971 1899 2012 his

235 2028 365 2081 rights
385 2029 432 2067 of
445 2028 607 2078 liberty,
624 2026 863 2078 citizenship
883 2027 965 2065 and
988 2026 1129 2078 family
1146 2026 1401 2073 (libertatem,
1421 2025 1635 2071 civitatem,
1645 2025 1898 2076 familiam),

236 2082 307 2122 the
324 2082 408 2122 loss
427 2082 474 2121 of
487 2081 623 2121 which
642 2093 726 2121 was
744 2080 876 2120 called
894 2081 1119 2119 deminutio
1136 2080 1291 2131 capitis,
1311 2092 1345 2118 s.
1365 2092 1433 2131 my
1451 2092 1497 2120 n.
1517 2092 1572 2119 on
1591 2079 1643 2118 de
1662 2079 1732 2118 off.
1753 2088 1790 2118 11
1811 2080 1833 2129 ἓ
1849 2091 1900 2129 50

235 2136 267 2176 l.
289 2149 354 2186 24.

316 2233 347 2270 1.
371 2234 435 2270 16.
489 2233 540 2271 1n
569 2232 848 2270 dimicatione
876 2228 1282 2278 fortunarumJ=de
1311 2227 1544 2275 fortunis,
1571 2228 1634 2267 ‘in
1666 2241 1691 2267 a
1719 2226 1899 2279 struggle

237 2284 303 2324 for
319 2285 383 2324 his
403 2282 488 2323 all?
544 2284 610 2324 Cf.
631 2287 652 2332 ξ
675 2296 720 2333 77
744 2285 772 2322 1.
795 2296 816 2332 3
837 2285 944 2322 vitae
961 2283 1304 2322 dimicationes
1327 2285 1523 2322 ‘contests
1543 2281 1605 2320 sor
1623 2280 1724 2328 life‚··
1743 2295 1802 2320 or.
1825 2294 1899 2332 pro

240 2340 348 2378 Mur.
368 2341 390 2387 ἓ
410 2341 433 2379 8
460 2339 507 2378 in
534 2339 719 2390 capitis
738 2338 1064 2384 dimicatione,
1090 2350 1150 2376 or.
1171 2337 1224 2375 de
1244 2350 1360 2388 prov.
1383 2349 1494 2375 cons.
1515 2337 1536 2383 ἓ
1557 2348 1621 2386 23,
1645 2348 1704 2374 or.
1725 2348 1767 2387 p.
1791 2335 1897 2374 Rab.

240 2393 355 2445 perd.
387 2395 409 2441 ξ
443 2403 464 2443 5
498 2393 545 2431 in
583 2397 702 2431 tanta
739 2391 1062 2430 dimicatione
1106 2390 1261 2441 capitis,
1296 2390 1444 2442 faniae
1473 2389 1902 2441 fortunarumque

238 2447 439 2494 omnium,
461 2459 519 2486 or.
545 2459 586 2498 p.
609 2445 700 2484 Mil.
731 2447 752 2493 ξ
786 2457 860 2484 100
892 2445 931 2483 si
958 2458 1061 2496 quae
1085 2445 1148 2483 vis
1176 2449 1233 2484 est
1256 2449 1421 2495 parata,
1450 2443 1490 2482 si
1515 2455 1619 2494 quae
1646 2442 1899 2482 dimicatio

239 2500 600 2552 capitissutura,
625 2513 684 2539 or.
706 2512 747 2552 p.
769 2499 886 2538 Balb.
912 2500 934 2547 ἓ
956 2511 1021 2549 23.

319 2596 436 2633 1.1·7.
492 2594 587 2643 qul]
615 2606 671 2634 sc.
706 2598 857 2645 pater.
899 2595 1184 2640 turpissimus
1219 2592 1397 2645 pertinet
1428 2591 1481 2631 ad
1516 2590 1644 2630 vitam
1675 2597 1716 2630 et
1748 2603 1895 2637 moreS,

236 2650 572 2696 sordidissimus,
609 2648 662 2687 ad
695 2647 939 2698 dignitatem
971 2647 1132 2697 generis
1165 2653 1206 2686 et
1242 2646 1410 2686 ordinis.
1466 2655 1661 2684 WEISKE.
1727 2644 1898 2684 Trans.:

246 2702 373 2741 ‘were
390 2702 443 2742 he
462 2715 557 2741 ever
574 2714 621 2741 so
640 2701 814 2753 morally
833 2701 1055 2752 depraved,
1077 2714 1172 2740 ever
1189 2713 1237 2740 so
1257 2697 1506 2740 base-born!

319 2795 352 2832 1.
371 2797 432 2833 18.
487 2796 584 2841 1pso
612 2797 788 2834 nomine
817 2797 964 2842 patrio
995 2794 1099 2844 cet]
1133 2794 1212 2846 ‘by
1237 2793 1302 2833 his
1329 2806 1441 2833 mere
1468 2805 1590 2832 name
1617 2791 1665 2831 of
1687 2790 1820 2831 father
1846 2791 1900 2832 he

242 2847 381 2887 would
397 2847 502 2887 have
520 2848 721 2889 influence
741 2849 841 2889 with
859 2848 1044 2888 merciful
1063 2849 1145 2888 aud
1164 2848 1419 2888 considerate
1433 2845 1608 2899 judges.’
