<?xml version="1.0" encoding="UTF-8"?>
<!DOCTYPE html PUBLIC "-//W3C//DTD XHTML 1.0 Transitional//EN"
    "http://www.w3.org/TR/xhtml1/DTD/xhtml1-transitional.dtd">
<html xmlns="http://www.w3.org/1999/xhtml" xml:lang="en" lang="en">
 <head>
  <title>
</title>
<meta http-equiv="Content-Type" content="text/html;charset=utf-8" />
  <meta name='ocr-system' content='tesseract 3.04.00' />
  <meta name='ocr-capabilities' content='ocr_page ocr_carea ocr_par ocr_line ocrx_word'/>
</head>
<body>
  <div class='ocr_page' id='page_1' title='image "./proplanciolatin100ciceuoft/proplanciolatin100ciceuoft_0079.png"; bbox 0 0 2046 3112; ppageno 0'>
   <div class='ocr_carea' id='block_1_1' title="bbox 165 114 1831 184">
    <p class='ocr_par' dir='ltr' id='par_1_1' title="bbox 165 114 1831 184">
     <span class='ocr_line' id='line_1_1' title="bbox 165 114 1831 184; baseline 0 -18"><span class='ocrx_word' id='word_1_1' title='bbox 165 117 244 166; x_wconf 93' lang='lat' dir='ltr'><strong>XI</strong></span> <span class='ocrx_word' id='word_1_2' title='bbox 273 114 358 184; x_wconf 86' lang='lat'><strong>28]</strong></span> <span class='ocrx_word' id='word_1_3' title='bbox 499 117 653 168; x_wconf 84' lang='lat' dir='ltr'><strong>PRO</strong></span> <span class='ocrx_word' id='word_1_4' title='bbox 704 118 814 170; x_wconf 83' lang='lat' dir='ltr'><strong>CN.</strong></span> <span class='ocrx_word' id='word_1_5' title='bbox 850 118 1184 169; x_wconf 80' lang='lat' dir='ltr'><em>PLANCIO</em></span> <span class='ocrx_word' id='word_1_6' title='bbox 1235 118 1515 169; x_wconf 68' lang='lat' dir='ltr'><em>ORATIO</em></span> <span class='ocrx_word' id='word_1_7' title='bbox 1777 134 1831 167; x_wconf 79' lang='lat'><strong>11</strong></span> 
     </span>
    </p>
   </div>
   <div class='ocr_carea' id='block_1_2' title="bbox 87 225 1923 2887">
    <p class='ocr_par' dir='ltr' id='par_1_2' title="bbox 87 225 1923 2887">
     <span class='ocr_line' id='line_1_2' title="bbox 165 225 1839 293; baseline 0.002 -18"><span class='ocrx_word' id='word_1_8' title='bbox 165 242 315 276; x_wconf 90' lang='lat' dir='ltr'><strong>nemo</strong></span> <span class='ocrx_word' id='word_1_9' title='bbox 333 225 509 276; x_wconf 89' lang='lat' dir='ltr'><strong>iniuria</strong></span> <span class='ocrx_word' id='word_1_10' title='bbox 531 225 705 288; x_wconf 91' lang='lat' dir='ltr'><strong>doluit,</strong></span> <span class='ocrx_word' id='word_1_11' title='bbox 732 228 812 279; x_wconf 92' lang='lat' dir='ltr'><strong>cui</strong></span> <span class='ocrx_word' id='word_1_12' title='bbox 839 245 943 279; x_wconf 92' lang='lat' dir='ltr'><strong>non</strong></span> <span class='ocrx_word' id='word_1_13' title='bbox 974 228 1119 279; x_wconf 91' lang='lat' dir='ltr'><strong>huius</strong></span> <span class='ocrx_word' id='word_1_14' title='bbox 1151 228 1202 278; x_wconf 92' lang='lat' dir='ltr'><strong>in</strong></span> <span class='ocrx_word' id='word_1_15' title='bbox 1233 246 1314 280; x_wconf 89' lang='lat' dir='ltr'><strong>me</strong></span> <span class='ocrx_word' id='word_1_16' title='bbox 1346 228 1681 278; x_wconf 84' lang='lat' dir='ltr'>misericordia</span> <span class='ocrx_word' id='word_1_17' title='bbox 1703 237 1839 293; x_wconf 87' lang='lat' dir='ltr'><strong>grata</strong></span> 
     </span>
     <span class='ocr_line' id='line_1_3' title="bbox 162 308 1923 375; baseline 0.002 -19"><span class='ocrx_word' id='word_1_18' title='bbox 162 308 320 358; x_wconf 82' lang='lat' dir='ltr'><strong>fuerit.</strong></span> <span class='ocrx_word' id='word_1_19' title='bbox 394 309 577 359; x_wconf 87' lang='lat' dir='ltr'><strong>etenim</strong></span> <span class='ocrx_word' id='word_1_20' title='bbox 610 309 649 360; x_wconf 92' lang='lat' dir='ltr'><strong>si</strong></span> <span class='ocrx_word' id='word_1_21' title='bbox 681 321 797 361; x_wconf 89' lang='lat' dir='ltr'><strong>ante</strong></span> <span class='ocrx_word' id='word_1_22' title='bbox 829 312 1041 361; x_wconf 90' lang='lat' dir='ltr'><strong>reditum</strong></span> <span class='ocrx_word' id='word_1_23' title='bbox 1073 329 1242 362; x_wconf 89' lang='lat' dir='ltr'><strong>meum</strong></span> <span class='ocrx_word' id='word_1_24' title='bbox 1268 314 1359 362; x_wconf 93' lang='lat' dir='ltr'><strong>Cn.</strong></span> <span class='ocrx_word' id='word_1_25' title='bbox 1388 311 1591 360; x_wconf 83' lang='lat' dir='ltr'>Plancio</span> <span class='ocrx_word' id='word_1_26' title='bbox 1616 327 1669 360; x_wconf 91' lang='lat' dir='ltr'><strong>se</strong></span> <span class='ocrx_word' id='word_1_27' title='bbox 1690 313 1837 375; x_wconf 88' lang='lat' dir='ltr'><strong>volgo</strong></span> <span class='ocrx_word' id='word_1_28' title='bbox 1861 312 1923 360; x_wconf 88' lang='grc'><strong>26</strong></span> 
     </span>
     <span class='ocr_line' id='line_1_4' title="bbox 161 386 1839 455; baseline 0.002 -19"><span class='ocrx_word' id='word_1_29' title='bbox 161 386 250 436; x_wconf 90' lang='lat' dir='ltr'><strong>viri</strong></span> <span class='ocrx_word' id='word_1_30' title='bbox 286 388 420 449; x_wconf 89' lang='lat' dir='ltr'><strong>boni,</strong></span> <span class='ocrx_word' id='word_1_31' title='bbox 446 406 561 438; x_wconf 92' lang='lat' dir='ltr'><strong>cum</strong></span> <span class='ocrx_word' id='word_1_32' title='bbox 598 391 680 440; x_wconf 92' lang='lat' dir='ltr'><strong>hic</strong></span> <span class='ocrx_word' id='word_1_33' title='bbox 715 391 1017 440; x_wconf 89' lang='lat' dir='ltr'><strong>tribunatum</strong></span> <span class='ocrx_word' id='word_1_34' title='bbox 1051 401 1254 455; x_wconf 85' lang='lat' dir='ltr'><strong>peteret,</strong></span> <span class='ocrx_word' id='word_1_35' title='bbox 1279 394 1408 441; x_wconf 91' lang='lat' dir='ltr'><strong>ultro</strong></span> <span class='ocrx_word' id='word_1_36' title='bbox 1442 391 1727 451; x_wconf 87' lang='lat' dir='ltr'><strong>offerebant,</strong></span> <span class='ocrx_word' id='word_1_37' title='bbox 1757 392 1839 440; x_wconf 88' lang='lat' dir='ltr'><strong>cui</strong></span> 
     </span>
     <span class='ocr_line' id='line_1_5' title="bbox 161 472 1837 535; baseline 0.002 -17"><span class='ocrx_word' id='word_1_38' title='bbox 161 485 346 519; x_wconf 86' lang='lat' dir='ltr'><strong>nornen</strong></span> <span class='ocrx_word' id='word_1_39' title='bbox 383 487 551 521; x_wconf 89' lang='lat' dir='ltr'><strong>meum</strong></span> <span class='ocrx_word' id='word_1_40' title='bbox 600 472 815 522; x_wconf 90' lang='lat' dir='ltr'><strong>absentis</strong></span> <span class='ocrx_word' id='word_1_41' title='bbox 857 473 1033 523; x_wconf 91' lang='lat' dir='ltr'><strong>honori</strong></span> <span class='ocrx_word' id='word_1_42' title='bbox 1078 474 1264 534; x_wconf 87' lang='lat' dir='ltr'><strong>fuisset,</strong></span> <span class='ocrx_word' id='word_1_43' title='bbox 1307 473 1354 522; x_wconf 91' lang='lat' dir='ltr'><strong>ei</strong></span> <span class='ocrx_word' id='word_1_44' title='bbox 1394 489 1531 522; x_wconf 90' lang='lat' dir='ltr'><strong>meas</strong></span> <span class='ocrx_word' id='word_1_45' title='bbox 1567 472 1837 535; x_wconf 89' lang='lat' dir='ltr'><strong>praesentis</strong></span> 
     </span>
     <span class='ocr_line' id='line_1_6' title="bbox 119 554 1836 618; baseline 0.003 -19"><span class='ocrx_word' id='word_1_46' title='bbox 119 578 139 608; x_wconf 85' lang='lat'>5</span> <span class='ocrx_word' id='word_1_47' title='bbox 161 567 330 614; x_wconf 86' lang='lat' dir='ltr'><strong>preces</strong></span> <span class='ocrx_word' id='word_1_48' title='bbox 354 568 456 601; x_wconf 94' lang='lat' dir='ltr'><strong>non</strong></span> <span class='ocrx_word' id='word_1_49' title='bbox 491 562 634 616; x_wconf 86' lang='lat' dir='ltr'><strong>putas</strong></span> <span class='ocrx_word' id='word_1_50' title='bbox 667 555 943 618; x_wconf 85' lang='lat' dir='ltr'>profuisse?</span> <span class='ocrx_word' id='word_1_51' title='bbox 1010 571 1074 604; x_wconf 91' lang='lat' dir='ltr'><strong>an</strong></span> <span class='ocrx_word' id='word_1_52' title='bbox 1101 555 1468 604; x_wconf 82' lang='lat' dir='ltr'><strong>Minturnenses</strong></span> <span class='ocrx_word' id='word_1_53' title='bbox 1494 554 1673 615; x_wconf 89' lang='lat' dir='ltr'><strong>coloni,</strong></span> <span class='ocrx_word' id='word_1_54' title='bbox 1700 556 1836 617; x_wconf 92' lang='lat' dir='ltr'><strong>quod</strong></span> 
     </span>
     <span class='ocr_line' id='line_1_7' title="bbox 162 633 1833 700; baseline 0 -16"><span class='ocrx_word' id='word_1_55' title='bbox 162 634 220 684; x_wconf 90' lang='lat' dir='ltr'><strong>C.</strong></span> <span class='ocrx_word' id='word_1_56' title='bbox 239 633 454 682; x_wconf 91' lang='lat' dir='ltr'><strong>Marium</strong></span> <span class='ocrx_word' id='word_1_57' title='bbox 478 651 506 684; x_wconf 91' lang='lat' dir='ltr'><strong>e</strong></span> <span class='ocrx_word' id='word_1_58' title='bbox 531 635 662 684; x_wconf 92' lang='lat' dir='ltr'><strong>civili</strong></span> <span class='ocrx_word' id='word_1_59' title='bbox 685 637 812 685; x_wconf 93' lang='lat' dir='ltr'><strong>ferro</strong></span> <span class='ocrx_word' id='word_1_60' title='bbox 836 645 986 700; x_wconf 90' lang='lat' dir='ltr'><strong>atque</strong></span> <span class='ocrx_word' id='word_1_61' title='bbox 1011 653 1071 685; x_wconf 86' lang='lat' dir='ltr'><strong>ex</strong></span> <span class='ocrx_word' id='word_1_62' title='bbox 1095 636 1258 700; x_wconf 87' lang='lat' dir='ltr'><strong>impiis</strong></span> <span class='ocrx_word' id='word_1_63' title='bbox 1283 637 1512 685; x_wconf 90' lang='lat' dir='ltr'><strong>manibus</strong></span> <span class='ocrx_word' id='word_1_64' title='bbox 1537 635 1833 698; x_wconf 87' lang='lat' dir='ltr'><strong>eripuerunt,</strong></span> 
     </span>
     <span class='ocr_line' id='line_1_8' title="bbox 160 714 1836 780; baseline 0.002 -18"><span class='ocrx_word' id='word_1_65' title='bbox 160 714 298 777; x_wconf 92' lang='lat' dir='ltr'><strong>quod</strong></span> <span class='ocrx_word' id='word_1_66' title='bbox 333 722 465 764; x_wconf 90' lang='lat' dir='ltr'><strong>tecto</strong></span> <span class='ocrx_word' id='word_1_67' title='bbox 501 726 804 780; x_wconf 87' lang='lat' dir='ltr'><strong>receperunt,</strong></span> <span class='ocrx_word' id='word_1_68' title='bbox 831 719 967 780; x_wconf 92' lang='lat' dir='ltr'><strong>quod</strong></span> <span class='ocrx_word' id='word_1_69' title='bbox 1002 718 1184 767; x_wconf 89' lang='lat' dir='ltr'><strong>fessum</strong></span> <span class='ocrx_word' id='word_1_70' title='bbox 1216 716 1384 766; x_wconf 87' lang='lat' dir='ltr'><strong>inedia</strong></span> <span class='ocrx_word' id='word_1_71' title='bbox 1414 716 1742 779; x_wconf 87' lang='lat' dir='ltr'><strong>fluctibusque</strong></span> <span class='ocrx_word' id='word_1_72' title='bbox 1766 733 1836 766; x_wconf 91' lang='lat' dir='ltr'><strong>re-</strong></span> 
     </span>
     <span class='ocr_line' id='line_1_9' title="bbox 158 796 1835 860; baseline 0.001 -16"><span class='ocrx_word' id='word_1_73' title='bbox 158 804 398 855; x_wconf 87' lang='lat' dir='ltr'><strong>crearunt,</strong></span> <span class='ocrx_word' id='word_1_74' title='bbox 425 797 562 859; x_wconf 90' lang='lat' dir='ltr'><strong>quod</strong></span> <span class='ocrx_word' id='word_1_75' title='bbox 589 796 822 845; x_wconf 89' lang='lat' dir='ltr'><strong>viaticum</strong></span> <span class='ocrx_word' id='word_1_76' title='bbox 856 806 1223 860; x_wconf 87' lang='lat' dir='ltr'><strong>congesserunt,</strong></span> <span class='ocrx_word' id='word_1_77' title='bbox 1251 798 1388 860; x_wconf 92' lang='lat' dir='ltr'><strong>quod</strong></span> <span class='ocrx_word' id='word_1_78' title='bbox 1412 796 1662 860; x_wconf 88' lang='lat' dir='ltr'><strong>navigium</strong></span> <span class='ocrx_word' id='word_1_79' title='bbox 1687 797 1835 846; x_wconf 84' lang='lat' dir='ltr'><strong>dede-</strong></span> 
     </span>
     <span class='ocr_line' id='line_1_10' title="bbox 157 878 1834 943; baseline 0.001 -18"><span class='ocrx_word' id='word_1_80' title='bbox 157 886 287 937; x_wconf 92' lang='lat' dir='ltr'><strong>runt,</strong></span> <span class='ocrx_word' id='word_1_81' title='bbox 304 879 441 940; x_wconf 92' lang='lat' dir='ltr'><strong>quod</strong></span> <span class='ocrx_word' id='word_1_82' title='bbox 465 895 581 928; x_wconf 90' lang='lat' dir='ltr'><strong>eum</strong></span> <span class='ocrx_word' id='word_1_83' title='bbox 605 879 911 942; x_wconf 87' lang='lat' dir='ltr'><strong>linquentem</strong></span> <span class='ocrx_word' id='word_1_84' title='bbox 935 889 1114 929; x_wconf 84' lang='lat' dir='ltr'><strong>terram</strong></span> <span class='ocrx_word' id='word_1_85' title='bbox 1139 897 1264 940; x_wconf 89' lang='lat' dir='ltr'><strong>eam,</strong></span> <span class='ocrx_word' id='word_1_86' title='bbox 1286 897 1436 943; x_wconf 90' lang='lat' dir='ltr'><strong>quam</strong></span> <span class='ocrx_word' id='word_1_87' title='bbox 1461 888 1685 938; x_wconf 88' lang='lat' dir='ltr'><strong>servarat,</strong></span> <span class='ocrx_word' id='word_1_88' title='bbox 1705 878 1834 927; x_wconf 90' lang='lat' dir='ltr'><strong>votis</strong></span> 
     </span>
     <span class='ocr_line' id='line_1_11' title="bbox 89 958 1831 1024; baseline 0.002 -20"><span class='ocrx_word' id='word_1_89' title='bbox 89 978 139 1004; x_wconf 66' lang='lat'><strong>:10</strong></span> <span class='ocrx_word' id='word_1_90' title='bbox 160 958 389 1007; x_wconf 88' lang='lat' dir='ltr'><strong>omnibus</strong></span> <span class='ocrx_word' id='word_1_91' title='bbox 426 959 736 1023; x_wconf 84' lang='lat' dir='ltr'><strong>lacrimisque</strong></span> <span class='ocrx_word' id='word_1_92' title='bbox 773 960 1023 1024; x_wconf 90' lang='lat' dir='ltr'><strong>prosecuti</strong></span> <span class='ocrx_word' id='word_1_93' title='bbox 1059 970 1186 1022; x_wconf 90' lang='lat' dir='ltr'><strong>sunt,</strong></span> <span class='ocrx_word' id='word_1_94' title='bbox 1226 970 1425 1009; x_wconf 85' lang='lat' dir='ltr'><strong>aeterna.</strong></span> <span class='ocrx_word' id='word_1_95' title='bbox 1458 959 1510 1008; x_wconf 91' lang='lat' dir='ltr'><strong>in</strong></span> <span class='ocrx_word' id='word_1_96' title='bbox 1545 961 1693 1008; x_wconf 90' lang='lat' dir='ltr'><strong>laude</strong></span> <span class='ocrx_word' id='word_1_97' title='bbox 1727 976 1831 1009; x_wconf 90' lang='lat' dir='ltr'><strong>ver-</strong></span> 
     </span>
     <span class='ocr_line' id='line_1_12' title="bbox 158 1040 1831 1105; baseline 0.001 -18"><span class='ocrx_word' id='word_1_98' title='bbox 158 1049 346 1090; x_wconf 84' lang='lat' dir='ltr'><strong>santur:</strong></span> <span class='ocrx_word' id='word_1_99' title='bbox 383 1040 601 1100; x_wconf 85' lang='lat' dir='ltr'><strong>Plancio,</strong></span> <span class='ocrx_word' id='word_1_100' title='bbox 624 1041 758 1104; x_wconf 94' lang='lat' dir='ltr'><strong>quod</strong></span> <span class='ocrx_word' id='word_1_101' title='bbox 777 1058 857 1091; x_wconf 90' lang='lat' dir='ltr'><strong>me</strong></span> <span class='ocrx_word' id='word_1_102' title='bbox 875 1043 954 1090; x_wconf 90' lang='lat' dir='ltr'><strong>vel</strong></span> <span class='ocrx_word' id='word_1_103' title='bbox 967 1041 1015 1091; x_wconf 87' lang='lat' dir='ltr'><strong>vi</strong></span> <span class='ocrx_word' id='word_1_104' title='bbox 1039 1043 1236 1105; x_wconf 90' lang='lat' dir='ltr'><strong>pulsum</strong></span> <span class='ocrx_word' id='word_1_105' title='bbox 1255 1043 1335 1091; x_wconf 88' lang='lat' dir='ltr'><strong>vel</strong></span> <span class='ocrx_word' id='word_1_106' title='bbox 1357 1041 1546 1090; x_wconf 88' lang='lat' dir='ltr'><strong>ratione</strong></span> <span class='ocrx_word' id='word_1_107' title='bbox 1571 1042 1831 1090; x_wconf 89' lang='lat' dir='ltr'><strong>cedentem</strong></span> 
     </span>
     <span class='ocr_line' id='line_1_13' title="bbox 156 1120 1833 1185; baseline 0.001 -16"><span class='ocrx_word' id='word_1_108' title='bbox 156 1120 395 1183; x_wconf 88' lang='lat' dir='ltr'><strong>receperit</strong></span> <span class='ocrx_word' id='word_1_109' title='bbox 431 1120 605 1170; x_wconf 90' lang='lat' dir='ltr'><strong>iuverit</strong></span> <span class='ocrx_word' id='word_1_110' title='bbox 646 1121 946 1181; x_wconf 91' lang='lat' dir='ltr'><strong>custodierit,</strong></span> <span class='ocrx_word' id='word_1_111' title='bbox 987 1120 1063 1170; x_wconf 89' lang='lat' dir='ltr'><strong>his</strong></span> <span class='ocrx_word' id='word_1_112' title='bbox 1099 1131 1148 1171; x_wconf 92' lang='lat' dir='ltr'><strong>et</strong></span> <span class='ocrx_word' id='word_1_113' title='bbox 1183 1121 1375 1171; x_wconf 91' lang='lat' dir='ltr'><strong>senatui</strong></span> <span class='ocrx_word' id='word_1_114' title='bbox 1410 1123 1696 1185; x_wconf 89' lang='lat' dir='ltr'><strong>populoque</strong></span> <span class='ocrx_word' id='word_1_115' title='bbox 1732 1123 1833 1170; x_wconf 84' lang='lat' dir='ltr'><strong>Ro-</strong></span> 
     </span>
     <span class='ocr_line' id='line_1_14' title="bbox 156 1201 1832 1264; baseline 0.001 -17"><span class='ocrx_word' id='word_1_116' title='bbox 156 1215 320 1261; x_wconf 89' lang='lat' dir='ltr'><strong>mano,</strong></span> <span class='ocrx_word' id='word_1_117' title='bbox 337 1210 391 1250; x_wconf 92' lang='lat' dir='ltr'><strong>ut</strong></span> <span class='ocrx_word' id='word_1_118' title='bbox 414 1201 651 1251; x_wconf 92' lang='lat' dir='ltr'><strong>haberent</strong></span> <span class='ocrx_word' id='word_1_119' title='bbox 675 1218 825 1264; x_wconf 91' lang='lat' dir='ltr'><strong>quem</strong></span> <span class='ocrx_word' id='word_1_120' title='bbox 848 1203 1152 1261; x_wconf 87' lang='lat' dir='ltr'><strong>reducerent,</strong></span> <span class='ocrx_word' id='word_1_121' title='bbox 1171 1201 1482 1263; x_wconf 89' lang='lat' dir='ltr'><strong>conservarit,</strong></span> <span class='ocrx_word' id='word_1_122' title='bbox 1503 1201 1679 1250; x_wconf 90' lang='lat' dir='ltr'><strong>honori</strong></span> <span class='ocrx_word' id='word_1_123' title='bbox 1702 1202 1832 1249; x_wconf 88' lang='lat' dir='ltr'><strong>hanc</strong></span> 
     </span>
     <span class='ocr_line' id='line_1_15' title="bbox 155 1280 1392 1332; baseline 0.004 -5"><span class='ocrx_word' id='word_1_124' title='bbox 155 1281 305 1330; x_wconf 89' lang='lat' dir='ltr'><strong>fidem</strong></span> <span class='ocrx_word' id='word_1_125' title='bbox 331 1280 716 1331; x_wconf 90' lang='lat' dir='ltr'><strong>misericordiam</strong></span> <span class='ocrx_word' id='word_1_126' title='bbox 740 1282 971 1331; x_wconf 90' lang='lat' dir='ltr'><strong>virtutem</strong></span> <span class='ocrx_word' id='word_1_127' title='bbox 994 1282 1144 1331; x_wconf 89' lang='lat' dir='ltr'><strong>fuisse</strong></span> <span class='ocrx_word' id='word_1_128' title='bbox 1168 1281 1354 1330; x_wconf 87' lang='lat' dir='ltr'><strong>miraris</strong></span> <span class='ocrx_word' id='word_1_129' title='bbox 1369 1286 1392 1332; x_wconf 91' lang='lat'>?</span> 
     </span>
     <span class='ocr_line' id='line_1_16' title="bbox 95 1361 1916 1426; baseline 0.003 -16"><span class='ocrx_word' id='word_1_130' title='bbox 95 1387 133 1419; x_wconf 61' lang='grc' dir='ltr'><strong>ης</strong></span> <span class='ocrx_word' id='word_1_131' title='bbox 258 1363 336 1409; x_wconf 96' lang='lat' dir='ltr'><strong>XI</strong></span> <span class='ocrx_word' id='word_1_132' title='bbox 395 1361 530 1410; x_wconf 89' lang='lat' dir='ltr'><strong>Vitia</strong></span> <span class='ocrx_word' id='word_1_133' title='bbox 570 1378 651 1411; x_wconf 91' lang='lat' dir='ltr'><strong>me</strong></span> <span class='ocrx_word' id='word_1_134' title='bbox 688 1363 886 1411; x_wconf 91' lang='lat' dir='ltr'><strong>hercule</strong></span> <span class='ocrx_word' id='word_1_135' title='bbox 924 1363 1016 1412; x_wconf 90' lang='lat' dir='ltr'><strong>Cn.</strong></span> <span class='ocrx_word' id='word_1_136' title='bbox 1059 1362 1249 1410; x_wconf 87' lang='lat' dir='ltr'><strong>Plancii</strong></span> <span class='ocrx_word' id='word_1_137' title='bbox 1290 1378 1367 1411; x_wconf 89' lang='lat' dir='ltr'><strong>res</strong></span> <span class='ocrx_word' id='word_1_138' title='bbox 1406 1379 1510 1421; x_wconf 88' lang='lat' dir='ltr'><strong>eae,</strong></span> <span class='ocrx_word' id='word_1_139' title='bbox 1549 1363 1614 1412; x_wconf 91' lang='lat' dir='ltr'><strong>de</strong></span> <span class='ocrx_word' id='word_1_140' title='bbox 1650 1362 1828 1426; x_wconf 90' lang='lat' dir='ltr'><strong>quibus</strong></span> <span class='ocrx_word' id='word_1_141' title='bbox 1853 1366 1916 1415; x_wconf 85' lang='lat'><strong>2&#39;7</strong></span> 
     </span>
     <span class='ocr_line' id='line_1_17' title="bbox 155 1442 1827 1508; baseline 0.001 -17"><span class='ocrx_word' id='word_1_142' title='bbox 155 1442 269 1504; x_wconf 86' lang='lat' dir='ltr'><strong>dixi,</strong></span> <span class='ocrx_word' id='word_1_143' title='bbox 295 1451 459 1507; x_wconf 89' lang='lat' dir='ltr'><strong>tegere</strong></span> <span class='ocrx_word' id='word_1_144' title='bbox 493 1453 773 1507; x_wconf 89' lang='lat' dir='ltr'><strong>potuerunt,</strong></span> <span class='ocrx_word' id='word_1_145' title='bbox 800 1461 864 1494; x_wconf 91' lang='lat' dir='ltr'><strong>ne</strong></span> <span class='ocrx_word' id='word_1_146' title='bbox 898 1453 953 1493; x_wconf 91' lang='lat' dir='ltr'><strong>tu</strong></span> <span class='ocrx_word' id='word_1_147' title='bbox 984 1444 1036 1493; x_wconf 90' lang='lat' dir='ltr'><strong>in</strong></span> <span class='ocrx_word' id='word_1_148' title='bbox 1065 1461 1124 1494; x_wconf 94' lang='lat' dir='ltr'><strong>ea</strong></span> <span class='ocrx_word' id='word_1_149' title='bbox 1146 1444 1260 1504; x_wconf 91' lang='lat' dir='ltr'><strong>vita,</strong></span> <span class='ocrx_word' id='word_1_150' title='bbox 1289 1446 1352 1494; x_wconf 94' lang='lat' dir='ltr'><strong>de</strong></span> <span class='ocrx_word' id='word_1_151' title='bbox 1388 1462 1488 1508; x_wconf 92' lang='lat' dir='ltr'><strong>qua</strong></span> <span class='ocrx_word' id='word_1_152' title='bbox 1515 1445 1613 1493; x_wconf 88' lang='lat' dir='ltr'><strong>iam</strong></span> <span class='ocrx_word' id='word_1_153' title='bbox 1650 1444 1827 1505; x_wconf 90' lang='lat' dir='ltr'><strong>dicam,</strong></span> 
     </span>
     <span class='ocr_line' id='line_1_18' title="bbox 154 1524 1831 1575; baseline 0.001 -2"><span class='ocrx_word' id='word_1_154' title='bbox 154 1532 228 1573; x_wconf 90' lang='lat' dir='ltr'><strong>tot</strong></span> <span class='ocrx_word' id='word_1_155' title='bbox 254 1533 302 1573; x_wconf 89' lang='lat' dir='ltr'><strong>et</strong></span> <span class='ocrx_word' id='word_1_156' title='bbox 338 1533 476 1573; x_wconf 88' lang='lat' dir='ltr'><strong>tanta</strong></span> <span class='ocrx_word' id='word_1_157' title='bbox 508 1524 797 1574; x_wconf 88' lang='lat' dir='ltr'><strong>adiumenta</strong></span> <span class='ocrx_word' id='word_1_158' title='bbox 826 1525 942 1573; x_wconf 93' lang='lat' dir='ltr'><strong>huic</strong></span> <span class='ocrx_word' id='word_1_159' title='bbox 978 1525 1154 1574; x_wconf 91' lang='lat' dir='ltr'><strong>honori</strong></span> <span class='ocrx_word' id='word_1_160' title='bbox 1185 1525 1334 1574; x_wconf 87' lang='lat' dir='ltr'><strong>fuisse</strong></span> <span class='ocrx_word' id='word_1_161' title='bbox 1368 1525 1557 1575; x_wconf 86' lang='lat' dir='ltr'><strong>mirere.</strong></span> <span class='ocrx_word' id='word_1_162' title='bbox 1646 1525 1728 1574; x_wconf 93' lang='lat' dir='ltr'><strong>hic</strong></span> <span class='ocrx_word' id='word_1_163' title='bbox 1756 1534 1831 1575; x_wconf 90' lang='lat' dir='ltr'><strong>est</strong></span> 
     </span>
     <span class='ocr_line' id='line_1_19' title="bbox 155 1605 1830 1671; baseline 0.001 -17"><span class='ocrx_word' id='word_1_164' title='bbox 155 1605 303 1666; x_wconf 93' lang='lat' dir='ltr'><strong>enim,</strong></span> <span class='ocrx_word' id='word_1_165' title='bbox 322 1606 407 1669; x_wconf 92' lang='lat' dir='ltr'><strong>qui</strong></span> <span class='ocrx_word' id='word_1_166' title='bbox 430 1608 828 1656; x_wconf 90' lang='lat' dir='ltr'><strong>adulescentulus</strong></span> <span class='ocrx_word' id='word_1_167' title='bbox 852 1624 968 1656; x_wconf 88' lang='lat' dir='ltr'><strong>cum</strong></span> <span class='ocrx_word' id='word_1_168' title='bbox 991 1609 1052 1656; x_wconf 89' lang='lat' dir='ltr'><strong>A.</strong></span> <span class='ocrx_word' id='word_1_169' title='bbox 1078 1610 1339 1670; x_wconf 91' lang='lat' dir='ltr'><strong>Torquato</strong></span> <span class='ocrx_word' id='word_1_170' title='bbox 1363 1610 1613 1671; x_wconf 92' lang='lat' dir='ltr'><strong>profectus</strong></span> <span class='ocrx_word' id='word_1_171' title='bbox 1636 1606 1688 1656; x_wconf 93' lang='lat' dir='ltr'><strong>in</strong></span> <span class='ocrx_word' id='word_1_172' title='bbox 1706 1607 1830 1656; x_wconf 86' lang='lat' dir='ltr'><strong>Afri-</strong></span> 
     </span>
     <span class='ocr_line' id='line_1_20' title="bbox 153 1685 1828 1752; baseline 0.002 -17"><span class='ocrx_word' id='word_1_173' title='bbox 153 1702 266 1735; x_wconf 87' lang='lat' dir='ltr'><strong>cam</strong></span> <span class='ocrx_word' id='word_1_174' title='bbox 298 1685 368 1735; x_wconf 91' lang='lat' dir='ltr'><strong>sic</strong></span> <span class='ocrx_word' id='word_1_175' title='bbox 398 1688 462 1735; x_wconf 93' lang='lat' dir='ltr'><strong>ab</strong></span> <span class='ocrx_word' id='word_1_176' title='bbox 490 1686 576 1736; x_wconf 88' lang='lat' dir='ltr'><strong>illo</strong></span> <span class='ocrx_word' id='word_1_177' title='bbox 610 1687 896 1750; x_wconf 88' lang='lat' dir='ltr'><strong>gravissimo</strong></span> <span class='ocrx_word' id='word_1_178' title='bbox 921 1696 970 1737; x_wconf 89' lang='lat' dir='ltr'><strong>et</strong></span> <span class='ocrx_word' id='word_1_179' title='bbox 993 1687 1303 1738; x_wconf 89' lang='lat' dir='ltr'><strong>sanctissimo</strong></span> <span class='ocrx_word' id='word_1_180' title='bbox 1335 1699 1484 1752; x_wconf 88' lang='lat' dir='ltr'><strong>atque</strong></span> <span class='ocrx_word' id='word_1_181' title='bbox 1509 1689 1646 1738; x_wconf 91' lang='lat' dir='ltr'><strong>omni</strong></span> <span class='ocrx_word' id='word_1_182' title='bbox 1681 1689 1828 1738; x_wconf 91' lang='lat' dir='ltr'><strong>laude</strong></span> 
     </span>
     <span class='ocr_line' id='line_1_21' title="bbox 89 1767 1829 1830; baseline -0.001 -11"><span class='ocrx_word' id='word_1_183' title='bbox 89 1797 132 1819; x_wconf 85' lang='lat'><strong>20</strong></span> <span class='ocrx_word' id='word_1_184' title='bbox 155 1776 204 1817; x_wconf 89' lang='lat' dir='ltr'><strong>et</strong></span> <span class='ocrx_word' id='word_1_185' title='bbox 240 1767 430 1816; x_wconf 89' lang='lat' dir='ltr'><strong>honore</strong></span> <span class='ocrx_word' id='word_1_186' title='bbox 471 1767 759 1830; x_wconf 87' lang='lat' dir='ltr'><strong>dignissimo</strong></span> <span class='ocrx_word' id='word_1_187' title='bbox 796 1768 901 1817; x_wconf 91' lang='lat' dir='ltr'><strong>viro</strong></span> <span class='ocrx_word' id='word_1_188' title='bbox 940 1767 1151 1817; x_wconf 91' lang='lat' dir='ltr'><strong>dilectus</strong></span> <span class='ocrx_word' id='word_1_189' title='bbox 1198 1778 1286 1829; x_wconf 92' lang='lat' dir='ltr'><strong>est,</strong></span> <span class='ocrx_word' id='word_1_190' title='bbox 1329 1778 1383 1818; x_wconf 93' lang='lat' dir='ltr'><strong>ut</strong></span> <span class='ocrx_word' id='word_1_191' title='bbox 1422 1779 1471 1818; x_wconf 90' lang='lat' dir='ltr'><strong>et</strong></span> <span class='ocrx_word' id='word_1_192' title='bbox 1517 1769 1829 1818; x_wconf 87' lang='lat' dir='ltr'><strong>contubernii</strong></span> 
     </span>
     <span class='ocr_line' id='line_1_22' title="bbox 154 1849 1824 1915; baseline 0.002 -17"><span class='ocrx_word' id='word_1_193' title='bbox 154 1849 468 1899; x_wconf 88' lang='lat' dir='ltr'><strong>necessitudo</strong></span> <span class='ocrx_word' id='word_1_194' title='bbox 505 1860 555 1898; x_wconf 93' lang='lat' dir='ltr'><strong>et</strong></span> <span class='ocrx_word' id='word_1_195' title='bbox 590 1850 921 1899; x_wconf 87' lang='lat' dir='ltr'><strong>adulescentis</strong></span> <span class='ocrx_word' id='word_1_196' title='bbox 956 1851 1308 1900; x_wconf 88' lang='lat' dir='ltr'><strong>modestissimi</strong></span> <span class='ocrx_word' id='word_1_197' title='bbox 1342 1853 1503 1915; x_wconf 90' lang='lat' dir='ltr'><strong>pudor</strong></span> <span class='ocrx_word' id='word_1_198' title='bbox 1530 1853 1824 1915; x_wconf 89' lang='lat' dir='ltr'><strong>postulabat.</strong></span> 
     </span>
     <span class='ocr_line' id='line_1_23' title="bbox 153 1928 1828 1994; baseline 0.001 -15"><span class='ocrx_word' id='word_1_199' title='bbox 153 1931 303 1993; x_wconf 93' lang='lat' dir='ltr'><strong>quod,</strong></span> <span class='ocrx_word' id='word_1_200' title='bbox 332 1928 373 1978; x_wconf 88' lang='lat' dir='ltr'><strong>si</strong></span> <span class='ocrx_word' id='word_1_201' title='bbox 407 1929 615 1991; x_wconf 89' lang='lat' dir='ltr'><strong>adesset,</strong></span> <span class='ocrx_word' id='word_1_202' title='bbox 656 1946 759 1979; x_wconf 91' lang='lat' dir='ltr'><strong>non</strong></span> <span class='ocrx_word' id='word_1_203' title='bbox 793 1930 955 1979; x_wconf 89' lang='lat' dir='ltr'><strong>minus</strong></span> <span class='ocrx_word' id='word_1_204' title='bbox 990 1930 1072 1978; x_wconf 91' lang='lat' dir='ltr'><strong>ille</strong></span> <span class='ocrx_word' id='word_1_205' title='bbox 1108 1932 1378 1980; x_wconf 85' lang='lat' dir='ltr'><strong>declararet</strong></span> <span class='ocrx_word' id='word_1_206' title='bbox 1414 1948 1563 1994; x_wconf 90' lang='lat' dir='ltr'><strong>quam</strong></span> <span class='ocrx_word' id='word_1_207' title='bbox 1591 1931 1673 1979; x_wconf 89' lang='lat' dir='ltr'><strong>hic</strong></span> <span class='ocrx_word' id='word_1_208' title='bbox 1700 1931 1828 1981; x_wconf 91' lang='lat' dir='ltr'><strong>illius</strong></span> 
     </span>
     <span class='ocr_line' id='line_1_24' title="bbox 151 2011 1828 2075; baseline 0.002 -14"><span class='ocrx_word' id='word_1_209' title='bbox 151 2014 299 2062; x_wconf 89' lang='lat' dir='ltr'><strong>frater</strong></span> <span class='ocrx_word' id='word_1_210' title='bbox 331 2011 563 2075; x_wconf 90' lang='lat' dir='ltr'><strong>patruelis</strong></span> <span class='ocrx_word' id='word_1_211' title='bbox 597 2020 648 2061; x_wconf 91' lang='lat' dir='ltr'><strong>et</strong></span> <span class='ocrx_word' id='word_1_212' title='bbox 682 2028 836 2072; x_wconf 88' lang='lat' dir='ltr'><strong>socer,</strong></span> <span class='ocrx_word' id='word_1_213' title='bbox 870 2015 928 2062; x_wconf 89' lang='lat' dir='ltr'><strong>T.</strong></span> <span class='ocrx_word' id='word_1_214' title='bbox 955 2015 1253 2074; x_wconf 88' lang='lat' dir='ltr'><strong>Torquatus,</strong></span> <span class='ocrx_word' id='word_1_215' title='bbox 1291 2013 1428 2062; x_wconf 90' lang='lat' dir='ltr'><strong>omni</strong></span> <span class='ocrx_word' id='word_1_216' title='bbox 1463 2014 1532 2062; x_wconf 90' lang='lat' dir='ltr'><strong>illi</strong></span> <span class='ocrx_word' id='word_1_217' title='bbox 1567 2014 1742 2063; x_wconf 89' lang='lat' dir='ltr'><strong>virtute</strong></span> <span class='ocrx_word' id='word_1_218' title='bbox 1778 2024 1828 2064; x_wconf 91' lang='lat' dir='ltr'><strong>et</strong></span> 
     </span>
     <span class='ocr_line' id='line_1_25' title="bbox 151 2093 1828 2159; baseline 0 -15"><span class='ocrx_word' id='word_1_219' title='bbox 151 2095 300 2145; x_wconf 90' lang='lat' dir='ltr'><strong>laude</strong></span> <span class='ocrx_word' id='word_1_220' title='bbox 322 2112 424 2159; x_wconf 90' lang='lat' dir='ltr'><strong>par,</strong></span> <span class='ocrx_word' id='word_1_221' title='bbox 452 2093 536 2157; x_wconf 92' lang='lat' dir='ltr'><strong>qui</strong></span> <span class='ocrx_word' id='word_1_222' title='bbox 560 2103 634 2144; x_wconf 92' lang='lat' dir='ltr'><strong>est</strong></span> <span class='ocrx_word' id='word_1_223' title='bbox 658 2094 861 2158; x_wconf 90' lang='lat' dir='ltr'><strong>quidem</strong></span> <span class='ocrx_word' id='word_1_224' title='bbox 893 2112 1007 2144; x_wconf 91' lang='lat' dir='ltr'><strong>cum</strong></span> <span class='ocrx_word' id='word_1_225' title='bbox 1039 2095 1124 2144; x_wconf 90' lang='lat' dir='ltr'><strong>illo</strong></span> <span class='ocrx_word' id='word_1_226' title='bbox 1153 2094 1376 2144; x_wconf 86' lang='lat' dir='ltr'><strong>maximis</strong></span> <span class='ocrx_word' id='word_1_227' title='bbox 1399 2095 1607 2144; x_wconf 90' lang='lat' dir='ltr'><strong>vinculis</strong></span> <span class='ocrx_word' id='word_1_228' title='bbox 1639 2105 1688 2144; x_wconf 91' lang='lat' dir='ltr'><strong>et</strong></span> <span class='ocrx_word' id='word_1_229' title='bbox 1720 2112 1828 2159; x_wconf 89' lang='lat' dir='ltr'><strong>pro-</strong></span> 
     </span>
     <span class='ocr_line' id='line_1_26' title="bbox 87 2174 1827 2239; baseline 0.001 -16"><span class='ocrx_word' id='word_1_230' title='bbox 87 2207 129 2239; x_wconf 80' lang='lat'><strong>25</strong></span> <span class='ocrx_word' id='word_1_231' title='bbox 151 2175 440 2239; x_wconf 89' lang='lat' dir='ltr'><strong>pinquitatis</strong></span> <span class='ocrx_word' id='word_1_232' title='bbox 465 2183 514 2223; x_wconf 89' lang='lat' dir='ltr'><strong>et</strong></span> <span class='ocrx_word' id='word_1_233' title='bbox 537 2174 800 2224; x_wconf 87' lang='lat' dir='ltr'><strong>adfinitatis</strong></span> <span class='ocrx_word' id='word_1_234' title='bbox 819 2175 1124 2235; x_wconf 90' lang='lat' dir='ltr'><strong>coniunctus,</strong></span> <span class='ocrx_word' id='word_1_235' title='bbox 1147 2177 1235 2225; x_wconf 91' lang='lat' dir='ltr'><strong>sed</strong></span> <span class='ocrx_word' id='word_1_236' title='bbox 1259 2176 1326 2224; x_wconf 91' lang='lat' dir='ltr'><strong>ita</strong></span> <span class='ocrx_word' id='word_1_237' title='bbox 1349 2178 1539 2239; x_wconf 83' lang='lat' dir='ltr'><strong>magnis</strong></span> <span class='ocrx_word' id='word_1_238' title='bbox 1557 2176 1752 2236; x_wconf 89' lang='lat' dir='ltr'><strong>amoris,</strong></span> <span class='ocrx_word' id='word_1_239' title='bbox 1772 2184 1827 2224; x_wconf 91' lang='lat' dir='ltr'><strong>ut</strong></span> 
     </span>
     <span class='ocr_line' id='line_1_27' title="bbox 151 2254 1827 2307; baseline 0.001 -3"><span class='ocrx_word' id='word_1_240' title='bbox 151 2255 263 2306; x_wconf 92' lang='lat' dir='ltr'><strong>illae</strong></span> <span class='ocrx_word' id='word_1_241' title='bbox 286 2254 664 2307; x_wconf 84' lang='lat' dir='ltr'><strong>necessitudinis</strong></span> <span class='ocrx_word' id='word_1_242' title='bbox 687 2272 863 2304; x_wconf 90' lang='lat' dir='ltr'><strong>causae</strong></span> <span class='ocrx_word' id='word_1_243' title='bbox 887 2256 1019 2305; x_wconf 91' lang='lat' dir='ltr'><strong>leves</strong></span> <span class='ocrx_word' id='word_1_244' title='bbox 1044 2272 1150 2305; x_wconf 90' lang='lat' dir='ltr'><strong>esse</strong></span> <span class='ocrx_word' id='word_1_245' title='bbox 1174 2254 1446 2305; x_wconf 86' lang='lat' dir='ltr'><strong>videantur.</strong></span> <span class='ocrx_word' id='word_1_246' title='bbox 1495 2255 1587 2304; x_wconf 88' lang='lat' dir='ltr'><strong>fuit</strong></span> <span class='ocrx_word' id='word_1_247' title='bbox 1610 2257 1660 2304; x_wconf 92' lang='lat' dir='ltr'><strong>in</strong></span> <span class='ocrx_word' id='word_1_248' title='bbox 1678 2258 1827 2306; x_wconf 93' lang='lat' dir='ltr'><strong>Creta</strong></span> 
     </span>
     <span class='ocr_line' id='line_1_28' title="bbox 150 2336 1826 2401; baseline 0 -15"><span class='ocrx_word' id='word_1_249' title='bbox 150 2347 327 2401; x_wconf 86' lang='lat' dir='ltr'><strong>postea</strong></span> <span class='ocrx_word' id='word_1_250' title='bbox 366 2337 732 2386; x_wconf 87' lang='lat' dir='ltr'><strong>contubernalis</strong></span> <span class='ocrx_word' id='word_1_251' title='bbox 769 2337 1031 2397; x_wconf 91' lang='lat' dir='ltr'><strong>Saturnini,</strong></span> <span class='ocrx_word' id='word_1_252' title='bbox 1074 2336 1340 2400; x_wconf 91' lang='lat' dir='ltr'><strong>propinqui</strong></span> <span class='ocrx_word' id='word_1_253' title='bbox 1377 2337 1465 2395; x_wconf 91' lang='lat' dir='ltr'><strong>sui,</strong></span> <span class='ocrx_word' id='word_1_254' title='bbox 1503 2338 1642 2387; x_wconf 90' lang='lat' dir='ltr'><strong>miles</strong></span> <span class='ocrx_word' id='word_1_255' title='bbox 1682 2337 1826 2386; x_wconf 89' lang='lat' dir='ltr'><strong>huius</strong></span> 
     </span>
     <span class='ocr_line' id='line_1_29' title="bbox 153 2416 1826 2480; baseline -0.001 -15"><span class='ocrx_word' id='word_1_256' title='bbox 153 2419 213 2480; x_wconf 89' lang='lat' dir='ltr'><strong>Q.</strong></span> <span class='ocrx_word' id='word_1_257' title='bbox 244 2417 450 2476; x_wconf 90' lang='lat' dir='ltr'><strong>Metelli,</strong></span> <span class='ocrx_word' id='word_1_258' title='bbox 489 2416 569 2465; x_wconf 92' lang='lat' dir='ltr'><strong>cui</strong></span> <span class='ocrx_word' id='word_1_259' title='bbox 603 2433 718 2465; x_wconf 89' lang='lat' dir='ltr'><strong>cum</strong></span> <span class='ocrx_word' id='word_1_260' title='bbox 753 2416 897 2466; x_wconf 86' lang='lat' dir='ltr'><strong>fuerit</strong></span> <span class='ocrx_word' id='word_1_261' title='bbox 930 2416 1302 2480; x_wconf 84' lang='lat' dir='ltr'><strong>probatissimus</strong></span> <span class='ocrx_word' id='word_1_262' title='bbox 1336 2416 1586 2480; x_wconf 90' lang='lat' dir='ltr'><strong>hodieque</strong></span> <span class='ocrx_word' id='word_1_263' title='bbox 1622 2416 1698 2477; x_wconf 90' lang='lat' dir='ltr'><strong>sit,</strong></span> <span class='ocrx_word' id='word_1_264' title='bbox 1725 2433 1826 2465; x_wconf 89' lang='lat' dir='ltr'><strong>om-</strong></span> 
     </span>
     <span class='ocr_line' id='line_1_30' title="bbox 150 2497 1825 2562; baseline -0.002 -13"><span class='ocrx_word' id='word_1_265' title='bbox 150 2500 296 2549; x_wconf 90' lang='lat' dir='ltr'><strong>nibus</strong></span> <span class='ocrx_word' id='word_1_266' title='bbox 335 2515 441 2548; x_wconf 90' lang='lat' dir='ltr'><strong>esse</strong></span> <span class='ocrx_word' id='word_1_267' title='bbox 479 2514 532 2548; x_wconf 90' lang='lat' dir='ltr'><strong>se</strong></span> <span class='ocrx_word' id='word_1_268' title='bbox 578 2499 845 2562; x_wconf 89' lang='lat' dir='ltr'><strong>probatum</strong></span> <span class='ocrx_word' id='word_1_269' title='bbox 892 2498 1041 2548; x_wconf 88' lang='lat' dir='ltr'><strong>debet</strong></span> <span class='ocrx_word' id='word_1_270' title='bbox 1082 2513 1289 2560; x_wconf 87' lang='lat' dir='ltr'><strong>sperare.</strong></span> <span class='ocrx_word' id='word_1_271' title='bbox 1377 2497 1430 2546; x_wconf 89' lang='lat' dir='ltr'><strong>in</strong></span> <span class='ocrx_word' id='word_1_272' title='bbox 1468 2514 1526 2547; x_wconf 91' lang='lat' dir='ltr'><strong>ea</strong></span> <span class='ocrx_word' id='word_1_273' title='bbox 1571 2497 1825 2560; x_wconf 90' lang='lat' dir='ltr'><strong>provincia</strong></span> 
     </span>
     <span class='ocr_line' id='line_1_31' title="bbox 88 2578 1823 2645; baseline -0.002 -14"><span class='ocrx_word' id='word_1_274' title='bbox 88 2607 131 2640; x_wconf 81' lang='lat'><strong>30</strong></span> <span class='ocrx_word' id='word_1_275' title='bbox 151 2583 340 2645; x_wconf 86' lang='lat' dir='ltr'><strong>legatus</strong></span> <span class='ocrx_word' id='word_1_276' title='bbox 374 2580 466 2630; x_wconf 87' lang='lat' dir='ltr'><strong>fuit</strong></span> <span class='ocrx_word' id='word_1_277' title='bbox 502 2581 558 2631; x_wconf 92' lang='lat' dir='ltr'><strong>C.</strong></span> <span class='ocrx_word' id='word_1_278' title='bbox 599 2581 870 2630; x_wconf 87' lang='lat' dir='ltr'><strong>Sacerdos:</strong></span> <span class='ocrx_word' id='word_1_279' title='bbox 916 2597 1016 2643; x_wconf 89' lang='lat' dir='ltr'><strong>qua</strong></span> <span class='ocrx_word' id='word_1_280' title='bbox 1048 2579 1243 2639; x_wconf 88' lang='lat' dir='ltr'><strong>virtute,</strong></span> <span class='ocrx_word' id='word_1_281' title='bbox 1281 2595 1380 2642; x_wconf 91' lang='lat' dir='ltr'><strong>qua</strong></span> <span class='ocrx_word' id='word_1_282' title='bbox 1414 2578 1690 2628; x_wconf 90' lang='lat' dir='ltr'><strong>constantia</strong></span> <span class='ocrx_word' id='word_1_283' title='bbox 1723 2578 1823 2628; x_wconf 82' lang='lat' dir='ltr'><strong>vir!</strong></span> 
     </span>
     <span class='ocr_line' id='line_1_32' title="bbox 152 2659 1824 2726; baseline -0.002 -12"><span class='ocrx_word' id='word_1_284' title='bbox 152 2667 208 2714; x_wconf 91' lang='lat' dir='ltr'><strong>L.</strong></span> <span class='ocrx_word' id='word_1_285' title='bbox 236 2666 469 2713; x_wconf 89' lang='lat' dir='ltr'><strong>Flaccus:</strong></span> <span class='ocrx_word' id='word_1_286' title='bbox 504 2661 588 2726; x_wconf 92' lang='lat' dir='ltr'><strong>qui</strong></span> <span class='ocrx_word' id='word_1_287' title='bbox 622 2663 798 2711; x_wconf 86' lang='lat' dir='ltr'><strong>homo!</strong></span> <span class='ocrx_word' id='word_1_288' title='bbox 834 2659 920 2724; x_wconf 91' lang='lat' dir='ltr'><strong>qui</strong></span> <span class='ocrx_word' id='word_1_289' title='bbox 955 2660 1098 2711; x_wconf 88' lang='lat' dir='ltr'><strong>civis!</strong></span> <span class='ocrx_word' id='word_1_290' title='bbox 1134 2663 1331 2724; x_wconf 89' lang='lat' dir='ltr'><strong>qualern</strong></span> <span class='ocrx_word' id='word_1_291' title='bbox 1359 2661 1491 2709; x_wconf 92' lang='lat' dir='ltr'><strong>hunc</strong></span> <span class='ocrx_word' id='word_1_292' title='bbox 1525 2670 1714 2723; x_wconf 90' lang='lat' dir='ltr'><strong>putent,</strong></span> <span class='ocrx_word' id='word_1_293' title='bbox 1740 2661 1824 2710; x_wconf 90' lang='lat' dir='ltr'><strong>ad-</strong></span> 
     </span>
     <span class='ocr_line' id='line_1_33' title="bbox 153 2740 1909 2804; baseline -0.001 -11"><span class='ocrx_word' id='word_1_294' title='bbox 153 2744 381 2794; x_wconf 90' lang='lat' dir='ltr'><strong>siduitate</strong></span> <span class='ocrx_word' id='word_1_295' title='bbox 415 2741 799 2804; x_wconf 89' lang='lat' dir='ltr'><strong>testimonioque</strong></span> <span class='ocrx_word' id='word_1_296' title='bbox 839 2743 1104 2791; x_wconf 87' lang='lat' dir='ltr'><strong>declarant.</strong></span> <span class='ocrx_word' id='word_1_297' title='bbox 1175 2740 1227 2789; x_wconf 91' lang='lat' dir='ltr'><strong>in</strong></span> <span class='ocrx_word' id='word_1_298' title='bbox 1265 2742 1566 2791; x_wconf 88' lang='lat' dir='ltr'><strong>Macedonia</strong></span> <span class='ocrx_word' id='word_1_299' title='bbox 1599 2743 1821 2792; x_wconf 91' lang='lat' dir='ltr'><strong>tribunus</strong></span> <span class='ocrx_word' id='word_1_300' title='bbox 1845 2751 1909 2799; x_wconf 86' lang='lat'><strong>28</strong></span> 
     </span>
     <span class='ocr_line' id='line_1_34' title="bbox 152 2821 1822 2887; baseline -0.001 -13"><span class='ocrx_word' id='word_1_301' title='bbox 152 2825 363 2875; x_wconf 88' lang='lat' dir='ltr'><strong>militurn</strong></span> <span class='ocrx_word' id='word_1_302' title='bbox 398 2824 490 2874; x_wconf 89' lang='lat' dir='ltr'><strong>fuit</strong></span> <span class='ocrx_word' id='word_1_303' title='bbox 507 2841 521 2886; x_wconf 80' lang='lat'>3</span> <span class='ocrx_word' id='word_1_304' title='bbox 556 2823 608 2873; x_wconf 91' lang='lat' dir='ltr'><strong>in</strong></span> <span class='ocrx_word' id='word_1_305' title='bbox 632 2825 808 2874; x_wconf 89' lang='lat' dir='ltr'><strong>eadem</strong></span> <span class='ocrx_word' id='word_1_306' title='bbox 832 2822 1087 2887; x_wconf 89' lang='lat' dir='ltr'><strong>provincia</strong></span> <span class='ocrx_word' id='word_1_307' title='bbox 1109 2831 1286 2887; x_wconf 88' lang='lat' dir='ltr'><strong>postea</strong></span> <span class='ocrx_word' id='word_1_308' title='bbox 1312 2830 1558 2887; x_wconf 89' lang='lat' dir='ltr'><strong>quaestor.</strong></span> <span class='ocrx_word' id='word_1_309' title='bbox 1608 2821 1822 2886; x_wconf 88' lang='lat' dir='ltr'><strong>primum</strong></span> 
     </span>
    </p>
   </div>
  </div>
 </body>
</html>
