2046 3112
222 149 324 195 190·
639 133 791 182 PRO
842 134 952 183 CN
994 133 1330 184 PLANCIO
1387 131 1659 203 [XXXVII
1693 136 1891 199 §90—*

283 237 569 300 recidissent]
597 238 651 278 cf.
671 252 738 291 ep.
758 239 813 278 ad
831 239 960 279 Att.1
985 253 1001 279 1
1020 241 1042 288 ἓ
1063 253 1084 280 2
1105 252 1220 279 nemo
1237 244 1293 279 est
1317 253 1367 279 ex
1391 240 1461 285 eis,
1481 239 1559 291 qui
1585 253 1697 280 nunc
1712 246 1868 292 petunt,

217 291 301 344 qui,
323 293 364 331 si
381 293 427 332 in
447 299 561 332 nom
561 306 633 331 um
651 307 817 332 annum
845 294 1093 342 reciderit,
1110 294 1287 356 firmior
1303 294 1546 333 candidatus
1558 295 1655 346 jore
1669 295 1887 343 videatur,-

219 346 327 386 Phil.
348 357 439 387 XIII
459 349 481 395 ἓ
505 360 552 401 19
581 348 788 386 recidere
813 348 859 387 in
879 361 1118 387 memoriam
1126 348 1331 399 puermae
1346 361 1455 387 suae.

297 427 319 474 ἓ
339 430 420 475 91,
438 429 470 466 1.
491 431 554 466 16.
609 429 719 466 Nam
746 427 879 477 quod]
907 429 928 476 §
951 437 972 479 7
993 427 1020 467 1.
1044 437 1109 478 27,
1130 427 1273 479 §541·
1298 438 1359 479 17,
1380 426 1517 476 5681.
1542 439 1576 475 1,
1598 427 1687 478 §84
1705 427 1734 467 1.
1756 439 1821 468 20.

295 509 327 546 1.
350 512 414 547 18.
467 509 784 558 me—negastI]
803 520 860 547 sc.
882 507 1092 547 liberum
1114 520 1232 548 esse.
1278 507 1390 547 That
1407 508 1523 546 there
1537 521 1620 546 was
1634 520 1748 548 some
1766 508 1878 551 truth

218 561 261 600 in
280 561 524 601 Laterensis‘
545 561 753 613 objection
773 563 807 601 is
827 562 992 601 evident
1018 562 1124 601 from
1144 560 1324 602 Cicero’s
1348 575 1443 601 own
1468 561 1710 609 confession,
1735 575 1799 614 ep.
1824 563 1878 601 ad

217 617 308 655 Att.
331 625 380 655 1V
400 614 425 655 6
445 618 466 664 ξ
486 628 503 654 Ι
534 617 596 665 (A.
609 626 702 656 U.C.
727 615 954 668 698=B.C.
978 615 1042 667 56)
1071 616 1178 668 quid
1187 616 1355 669 foedius
1379 620 1519 655 nostra
1543 616 1642 663 vita,
1663 616 1879 667 praecipue

218 674 331 709 mea.²
360 683 461 708 nam
478 676 524 709 tu
543 670 720 722 quidem,
742 671 814 709 etsi
828 683 866 708 es
883 675 1039 708 natura
1066 669 1279 718 πολιτικός,
1303 675 1441 708 tamen
1464 669 1627 708 nullam
1651 669 1768 707 lcabes
1781 677 1878 720 pro·

208 724 356 775 priam
381 724 630 773 servitutem,
663 724 872 763 communi
895 724 1022 763 servis
1050 725 1240 770 nomine,
1236 735 1245 744 ·
1271 737 1336 775 ego
1360 736 1462 771 vero,
1487 723 1571 775 qui,
1601 723 1641 762 si
1666 723 1811 774 loquor
1834 724 1882 762 de

217 791 263 817 re
278 784 325 829 p.
344 779 455 829 quod
476 784 633 830 oportet,
658 792 845 823 17‚zsanus
865 778 915 826 si,
938 778 1048 830 quod
1067 784 1165 829 opus
1188 783 1257 824 est,
1277 791 1420 816 seruus
1444 777 1670 828 existimor,
1699 777 1737 815 si
1759 783 1877 825 taceo,

217 838 318 884 opp}
316 846 423 871 essus
449 838 488 871 et
512 839 664 883 captus,
697 847 774 884 quo
800 833 933 872 dolore
957 845 1034 871 esse
1059 832 1200 872 debeo?
1230 846 1308 884 quo
1334 844 1427 870 sum
1458 831 1614 878 scilicet,
1656 830 1728 869 lzoc
1756 831 1878 870 etiam

217 900 292 924 acr
291 887 384 934 ime,
413 887 521 938 quod
543 900 594 925 ne
617 888 745 926 dolere
769 887 934 938 quidem
950 892 1119 938 possum
1148 891 1197 925 ut
1222 898 1307 925 non
1335 885 1527 942 ingratus
1552 884 1703 932 videar,
1737 897 1805 937 ep.
1825 885 1878 924 ad

218 940 302 1002 Qu.
323 941 370 979 fr.
394 950 447 979 111
474 954 489 979 1
513 942 532 988 ἓ
549 951 664 990 7,111
685 952 707 990 5
728 942 749 988 ἓ
767 953 789 990 3
810 941 871 989 (Α.
883 951 926 979 U.
940 950 980 979 C.
1006 950 1129 990 700=
1139 950 1178 978 Β.
1187 950 1228 979 c.
1250 940 1319 991 54)
1347 952 1478 990 angor
1502 951 1634 978 meum
1659 952 1742 978 non
1769 939 1881 978 modo

217 996 426 1040 animum,
454 995 523 1033 sed
546 1008 597 1034 ne
620 995 761 1033 odium
790 995 952 1046 quidem
982 1008 1060 1033 esse
1085 994 1271 1034 liberum.
1342 993 1564 1032 ‘Ceterum
1593 1006 1644 1032 eo
1675 991 1879 1041 consilio,'

219 1049 322 1087 adds
342 1049 541 1097 Wunder,
580 1049 832 1088 ‘Laterensis
850 1048 1044 1094 amissam
1070 1048 1303 1087 libertatem
1324 1047 1515 1087 Ciceroni
1538 1047 1814 1098 exprobravit,
1834 1055 1880 1086 ut

218 1103 434 1154 indignum
459 1116 553 1142 eum
575 1103 821 1151 ostenderet,
845 1103 909 1142 cui
929 1103 1083 1141 iudices
1105 1102 1316 1141 Plancium
1342 1107 1509 1154 propter
1527 1100 1674 1139 merita
1692 1102 1735 1139 in
1754 1100 1880 1152 ipsius

219 1157 394 1196 salutem
422 1157 715 1206 condonarent,
747 1170 840 1196 cum
877 1157 1066 1196 libertate
1094 1156 1256 1208 perdita
1282 1155 1341 1195 rei
1368 1168 1411 1217 p.
1438 1155 1616 1207 amplius
1647 1154 1759 1193 utilis
1792 1168 1880 1194 esse

219 1224 306 1251 non
331 1217 483 1264 posset,
510 1210 687 1264 ideoque
716 1211 920 1251 beneficio
947 1211 1001 1250 ab
1028 1210 1232 1251 iudicibus
1259 1209 1398 1250 ornari
1423 1222 1509 1249 non
1536 1207 1787 1249 mereretur!

759 1427 1047 1467 CHAPTER
1074 1426 1325 1467 XXXVIII

300 1549 329 1587 1.
355 1551 418 1587 20.
473 1556 563 1587 non
590 1549 646 1587 ab
674 1546 1207 1596 omnibus—dissentiam]
1237 1547 1456 1586 Caesarem
1485 1545 1663 1586 maxime
1691 1551 1732 1586 et
1760 1546 1881 1586 Pom·

221 1601 360 1653 peium
386 1601 607 1653 significari
624 1609 764 1653 aperte
785 1602 1047 1653 intellegitur.
1103 1611 1161 1641 W.
1210 1600 1275 1640 Cf.
1296 1614 1363 1653 ep.
1384 1602 1438 1640 ad
1457 1601 1552 1642 fam.
1580 1612 1595 1641 Ι
1617 1614 1642 1654 9
1663 1603 1685 1649 §
1710 1611 1755 1650 17
1777 1601 1887 1640 illud

221 1670 313 1694 vero
339 1669 422 1694 non
449 1656 608 1695 obscure
630 1662 866 1707 >queruntur
888 1656 935 1694 in
960 1656 1058 1694 meis
1080 1655 1300 1703 sententiis,
1324 1656 1469 1707 quibus
1487 1668 1632 1695 ornem
1656 1656 1877 1703 Caesarem,

221 1710 344 1762 quasi
364 1711 565 1749 a'escz'ssem
593 1722 620 1748 a
638 1711 826 1761 pristina
847 1710 1056 1750 sententia.
1118 1709 1266 1749 Cicero
1285 1710 1359 1749 has
1381 1709 1496 1749 often
1516 1715 1560 1749 to
1580 1709 1792 1760 apologise
1817 1708 1882 1748 for

222 1765 375 1815 having
399 1765 521 1803 made
546 1763 611 1803 his
636 1777 762 1816 peace
782 1764 882 1803 with
907 1764 1025 1804 those
1050 1763 1146 1803 who
1176 1763 1259 1803 had
1288 1763 1439 1815 helped
1466 1770 1511 1802 to
1535 1763 1651 1803 drive
1669 1763 1757 1802 him
1776 1763 1882 1802 from
1937 1795 1940 1803 .

224 1819 370 1867 Rome,
394 1831 452 1857 or.
480 1819 532 1857 de
560 1831 677 1869 prov.
704 1818 860 1858 consul.
886 1831 921 1859 c.
947 1818 986 1857 8.
1044 1818 1127 1858 His
1154 1817 1324 1858 brother
1350 1818 1529 1869 Quintus
1547 1830 1632 1858 was
1659 1830 1755 1857 now
1783 1818 1885 1858 with

223 1872 377 1912 Caesar
395 1872 438 1911 in
458 1873 627 1911 Britain.

302 1955 331 1991 1.
357 1956 420 1990 24.
474 1954 661 1999 respicio
689 1954 826 1991 etiam
853 1955 1043 1992 salutem
1070 1951 1174 2002 cet-J
1206 1952 1248 1991 ‘1
1280 1951 1387 1992 have
1416 1965 1442 1992 a
1471 1965 1565 1992 care
1593 1952 1659 1991 sor
1687 1965 1757 2004 my
1787 1965 1882 1991 own

223 2005 369 2058 safety'
399 2007 455 2058 by
487 2007 706 2057 beeoming
738 2007 969 2046 reconciled
999 2014 1042 2046 to
1070 2007 1188 2047 those
1214 2019 1285 2059 my
1311 2007 1504 2056 enemies,
1537 2019 1564 2045 a
1590 2007 1736 2059 quibus
1763 2013 1883 2046 antea

222 2061 362 2100 solitus
378 2074 470 2099 sum
489 2061 681 2099 dcssentu
679 2075 709 2100 e.

302 2143 332 2181 1.
347 2145 409 2180 26.
430 2141 622 2190 ruere]=
633 2147 826 2187 temere,
843 2154 989 2181 caeco
1009 2155 1115 2181 cum
1134 2127 1320 2194 impetu
1339 2154 1394 2181 ac
1412 2141 1706 2181 turbulento
1725 2154 1882 2192 agere,

229 2197 296 2235 ‘to
320 2202 387 2235 act
411 2193 589 2246 hastily,'
604 2196 655 2234 de
676 2195 747 2234 fin.
768 2209 784 2234 1
808 2198 829 2243 ἓ
846 2210 896 2247 34
915 2202 961 2235 at
977 2197 1024 2234 ul
1037 2196 1212 2247 nefirae
1226 2196 1387 2247 quidem
1393 2196 1572 2247 faciunt
1588 2202 1638 2234 ut
1651 2195 1711 2234 ita
1730 2201 1887 2233 ruant

223 2250 363 2302 itaque
396 2249 573 2297 turbent,
615 2262 681 2301 ep.
716 2250 769 2288 ad
796 2252 887 2288 Att
921 2261 955 2289 11
993 2263 1109 2299 14,1
1139 2251 1384 2295 timendum,
1418 2263 1496 2289 ne..
1506 2262 1660 2289 ,ruere
1689 2249 1875 2300 incipiat,

227 2314 276 2343 IV
295 2318 330 2355 3,
358 2317 379 2343 2
401 2304 469 2343 ille
492 2304 649 2342 demens
666 2317 819 2352 ruere,
845 2317 904 2342 or.
921 2305 972 2343 de
1001 2305 1112 2344 dom.
1137 2306 1158 2352 ἓ
1185 2316 1253 2354 141
1287 2304 1334 2343 in
1353 2304 1504 2355 agendo
1533 2316 1672 2342 ruere
1698 2315 1746 2341 ac
1773 2309 1889 2353 saepe,

215 2365 391 2409 peccare,
416 2371 474 2396 or.
496 2370 535 2409 p.
563 2359 668 2397 Sest.
689 2359 710 2405 ἓ
735 2370 807 2408 133
836 2358 884 2396 de
910 2371 988 2410 quo
1014 2371 1093 2410 ego,
1122 2371 1216 2397 cum
1242 2357 1386 2397 cotidie
1412 2361 1588 2407 rueret,
1617 2357 1783 2397 verbum
1798 2356 1888 2408 jeci

225 2426 469 2464 numquam,
490 2414 543 2451 de
562 2412 628 2451 off.
656 2421 709 2450 III
731 2413 751 2460 ἓ
774 2423 820 2462 55
842 2411 869 2452 l.
895 2429 935 2463 4.

305 2497 411 2535 boni.
436 2494 539 2544 viti]
574 2492 792 2547 ‘patriots‚’
814 2493 1166 2544 ‘conservatives,'
1185 2496 1207 2544 ἓ
1230 2509 1247 2536 1
1270 2494 1298 2536 1.
1323 2507 1346 2546 3
1366 2508 1408 2537 n.

304 2578 335 2614 1.
357 2579 420 2615 27.
475 2579 527 2615 ut
553 2578 600 2615 Id
627 2586 682 2615 ne
710 2575 916 2626 facerem]
945 2577 966 2625 ἓ
987 2588 1008 2615 2
1030 2575 1058 2615 1.
1081 2587 1118 2625 2,
1142 2577 1164 2625 ἓ
1183 2577 1235 2628 48
1255 2577 1283 2616 l.
1311 2588 1374 2626 14,
1397 2576 1481 2627 §77
1501 2573 1528 2615 l.
1549 2586 1613 2626 3²·
1674 2574 1744 2614 On
1768 2579 1818 2613 ut
1834 2586 1885 2613 ne

227 2642 294 2671 see
314 2630 465 2682 Zumpt
485 2631 557 2670 Gr.
580 2632 602 2678 ἓ
619 2642 695 2681 347
715 2630 792 2670 obs.

307 2715 328 2761 ἓ
349 2717 432 2752 92.
488 2723 561 2753 res
587 2714 780 2763 publica]
807 2714 860 2754 cf.
881 2715 902 2762 ξ
926 2727 988 2755 12.
1050 2714 1123 2754 ‘In
1142 2714 1319 2767 epistula
1337 2714 1391 2753 ad
1410 2713 1631 2754 Lentulum
1661 2713 1730 2763 (ad
1751 2712 1846 2752 farn.
1869 2723 1882 2753 1

228 2780 254 2820 9
282 2768 389 2817 §.10)
420 2781 507 2807 rem
536 2781 580 2821 p.
609 2768 697 2820 ipse
725 2769 959 2821 adloquitur
987 2768 1134 2808 eodem
1161 2775 1403 2820 argumento
1428 2775 1473 2808 ut
1497 2781 1541 2808 se
1569 2769 1622 2807 ad
1643 2768 1885 2819 Pompeium

228 2821 395 2875 adiungi
415 2822 534 2862 sinat.
577 2822 734 2874 Collegi,
755 2825 824 2872 ait,
849 2824 933 2875 ipse
949 2836 1012 2863 me
1026 2828 1063 2863 et
1079 2836 1170 2866 cum
1191 2823 1279 2876 ipsa
1289 2822 1410 2876 quasi
1428 2835 1471 2863 re
1479 2829 1528 2875 p.
1542 2822 1758 2866 collocutus
1775 2835 1882 2872 sum,
