2046 3112
159 118 309 166 XLII
334 114 448 184 102]
484 117 636 166 PRO
687 117 796 167 CIV.
836 114 1167 166 PLANCIO
1219 113 1497 164 ORATIO
1762 126 1820 170 41

157 242 272 275 meo
313 242 414 275 non
462 224 686 275 discessit
726 223 920 274 abiecta
961 222 1240 285 quaestoria
1281 238 1493 285 persona
1534 218 1826 282 comitisque

158 314 367 368 sumpta.

259 387 409 434 XLII
481 387 527 435 O
564 385 794 435 excubias
826 394 949 444 tuas,
983 386 1077 435 Cn.
1116 382 1300 443 Planci,
1326 381 1556 430 miseras!
1593 397 1623 429 o
1652 379 1826 429 flebilis
1852 377 1945 425 101

156 466 372 530 vigilias!
409 483 440 516 o
477 466 636 515 noctis
668 467 897 516 acerbas!
945 481 976 514 o
1018 465 1294 514 custodiam
1336 463 1483 511 etiam
1522 461 1617 510 mei
1655 459 1828 522 capitis

118 573 137 604 5
157 546 402 596 infelicem
424 550 432 595 Ξ
469 547 509 595 si
534 547 734 610 quidem
760 563 851 609 ego
876 545 964 595 tibi
989 545 1124 594 vivus
1149 561 1250 593 non
1275 560 1489 607 prosum,
1517 542 1601 606 qui
1626 545 1828 591 fortasse

157 635 379 674 mortuus
404 626 708 689 profuissem.
780 625 982 674 memini
1008 624 1154 684 enim,
1181 623 1384 673 memini
1407 640 1570 686 neque
1594 639 1828 684 umquam

157 708 418 757 obliviscar
441 707 599 756 noctis
623 707 765 767 illius,
793 724 906 755 cum
935 706 1024 755 tibi
1047 705 1278 768 vigilanti,
1305 704 1565 762 adsidenti‚
1592 702 1830 752 maerenti

157 803 287 836 vana
325 789 571 850 quaedam
613 787 759 837 miser
793 798 940 850 atque
978 787 1145 836 inania
1179 788 1300 836 falsa
1335 803 1422 850 spe
1456 785 1687 835 inductus
1728 785 1832 848 pol-

157 867 360 917 licebar:
398 885 492 926 me,
520 867 559 916 si
589 884 747 916 essem
779 866 830 915 in
862 866 1070 930 patriam
1102 866 1364 925 restitutus,
1397 875 1706 929 praesentem
1742 864 1831 914 tibi

100 975 139 996 10
159 948 333 1011 gratias
358 951 643 999 relaturum:
685 948 759 997 sin
789 959 955 997 autem
987 948 1137 997 vitam
1170 948 1292 997 mihi
1322 949 1421 997 fors
1452 946 1717 997 ademisset
1748 955 1831 994 aut

158 1029 230 1078 vis
262 1030 424 1092 aliqua
456 1028 611 1077 maior
645 1029 858 1077 reditum
892 1029 1195 1091 peremisset,
1231 1030 1336 1088 hos,
1374 1030 1661 1090 hos—quos
1698 1027 1832 1076 enim

160 1125 253 1173 ego
277 1119 383 1158 tum
408 1109 530 1158 alios
555 1108 720 1157 animo
745 1109 1243 1158 intuebar?—omnia
1267 1110 1356 1158 tibi
1388 1110 1582 1158 illorum
1606 1110 1832 1158 laborum

161 1190 380 1253 praemia
415 1206 505 1253 pro
545 1206 627 1238 me
667 1191 1016 1252 persoluturos.
1106 1189 1227 1252 quid
1273 1206 1354 1239 me
1400 1192 1663 1253 aspectas?
1714 1188 1835 1252 quid

160 1286 271 1318 mea
307 1269 547 1332 promissa
586 1268 802 1331 repetis?
839 1268 959 1331 quid
995 1285 1159 1317 meam
1198 1270 1353 1318 fidem
1390 1269 1663 1332 imploras?
1714 1269 1837 1318 nihil

102 1370 140 1401 15
161 1349 248 1399 tibi
274 1367 365 1413 ego
397 1359 503 1398 tum
536 1351 598 1399 de
631 1350 755 1400 meis
788 1351 965 1413 opibus
1001 1350 1283 1414 pollicebar,
1312 1352 1400 1400 sed
1426 1353 1489 1400 de
1521 1353 1697 1399 horum
1723 1367 1837 1414 erga

160 1448 240 1480 me
286 1431 632 1480 benevolentia
678 1431 1059 1494 promittebam:
1112 1433 1204 1481 hos
1251 1449 1341 1495 pro
1388 1449 1469 1482 me
1514 1434 1694 1495 lugere,
1745 1434 1837 1481 hos

158 1529 371 1576 gemere,
412 1513 504 1575 hos
546 1513 796 1561 decertare
843 1529 933 1575 pro
971 1529 1086 1562 meo
1128 1513 1289 1575 capite
1327 1514 1406 1562 vel
1446 1513 1575 1562 vitae
1616 1513 1837 1576 periculo

158 1594 284 1641 velle
316 1593 569 1654 videbam:
591 1594 671 1652 ,de
705 1594 884 1642 horum
915 1593 1177 1655 desiderio,
1206 1597 1357 1654 luctu,
1391 1595 1619 1658 querellis
1655 1595 1839 1644 cotidie

161 1671 347 1735 aliquid
384 1682 550 1721 tecum
588 1672 734 1722 simul
780 1673 1074 1723 audiebam:
1125 1692 1257 1723 nunc
1294 1674 1447 1724 timeo
1486 1692 1550 1723 ne
1587 1674 1709 1722 nihil
1750 1673 1838 1724 tibi

101 1780 144 1803 20
162 1763 352 1816 praeter
374 1754 597 1803 lacrimas
633 1771 812 1818 queam
845 1756 1067 1816 reddere,
1094 1773 1218 1819 quas
1247 1765 1300 1805 tu
1331 1756 1382 1804 in
1415 1756 1539 1805 meis
1566 1755 1838 1805 acerbitati-

162 1837 252 1886 bus
272 1835 506 1899 plurimas
531 1834 758 1883 effudisti.
815 1835 935 1898 quid
955 1835 1088 1884 enim
1106 1852 1309 1899 possum
1328 1836 1463 1884 aliud
1488 1835 1580 1884 nisi
1604 1853 1835 1896 maerere,
1864 1839 1958 1888 102

161 1917 256 1966 nisi
287 1919 417 1975 flere,
443 1915 539 1964 nisi
570 1924 619 1965 te
652 1932 766 1964 cum
801 1933 912 1964 mea
948 1918 1104 1965 salute
1140 1916 1440 1980 complecti?
1510 1919 1717 1966 salutem
1749 1918 1836 1966 tibi

163 1997 326 2047 eidem
360 1998 477 2045 dare
508 2005 729 2059 possunt,
762 1996 845 2059 qui
876 1995 997 2044 mihi
1033 1997 1368 2046 reddiderunt.
1441 2007 1490 2047 te
1525 2006 1840 2047 tamen—ex-

164 2095 318 2142 surge,
351 2079 829 2141 quaeso—retinebo
854 2089 903 2127 et
928 2081 1242 2142 complectar,
1270 2097 1362 2129 nec
1381 2098 1461 2131 me
1487 2083 1647 2130 solum
1666 2082 1839 2145 depre-

103 2184 143 2214 25
164 2169 382 2207 catorem
417 2160 723 2206 fortunarum
763 2168 971 2218 tuarum,
1010 2160 1098 2208 sed
1133 2158 1368 2208 comitem
1405 2160 1693 2224 sociumque
1729 2179 1839 2225 pro-

163 2241 361 2301 fitebor,
398 2249 561 2302 atque,
590 2249 644 2288 ut
670 2256 827 2303 spero,
850 2256 999 2289 nemo
1019 2241 1108 2289 erit
1126 2250 1227 2290 tam
1247 2242 1433 2291 crudeli
1449 2242 1617 2291 animo
1637 2252 1837 2306 tamque

162 2321 440 2370 inhumano
467 2338 560 2370 nec
593 2330 694 2370 tam
724 2321 987 2371 immemor
1019 2340 1121 2372 non
1155 2324 1319 2386 dicam
1352 2341 1577 2373 meorum
1599 2324 1651 2372 in
1679 2327 1837 2375 bonos

165 2405 461 2466 meritorum,
491 2405 581 2454 sed
614 2405 861 2453 bonorum
897 2404 950 2453 in
988 2422 1082 2466 me,
1118 2404 1202 2469 qui
1237 2423 1267 2454 a
1301 2422 1383 2454 me
1412 2405 1509 2455 mei
1541 2415 1838 2455 servatorem

166 2487 338 2551 capitis
356 2487 555 2537 divellat
579 2503 637 2536 ac
653 2486 899 2536 distrahat.
963 2505 1066 2538 non
1087 2505 1178 2552 ego
1198 2487 1319 2537 meis
1340 2498 1567 2538 ornatum
1587 2489 1839 2538 beneficiis

106 2584 195 2624 30a
217 2567 356 2616 vobis
395 2568 645 2629 deprecor,
671 2566 872 2627 iudices,
907 2569 996 2617 sed
1028 2570 1288 2617 custodem
1324 2567 1493 2616 salutis
1529 2584 1697 2617 meae:
1735 2585 1838 2618 non

167 2649 344 2712 opibus
377 2650 644 2711 contendo,
677 2665 780 2698 non
814 2649 1115 2712 auctoritate,
1144 2668 1248 2700 non
1280 2650 1446 2714 gratia,
1474 2651 1561 2700 sed
1592 2651 1835 2714 precibus,

167 2732 257 2780 sed
297 2730 523 2792 lacrimis,
562 2732 652 2780 sed
688 2731 1052 2794 misericordia3
1099 2750 1396 2797 mecumque
1441 2751 1530 2783 vos
1572 2734 1717 2783 simul
1758 2735 1838 2784 hic

168 2811 465 2862 miserrimus
492 2822 539 2863 et
565 2812 780 2878 optimus
807 2816 1082 2865 obtestatur
1103 2832 1281 2880 parens
1307 2825 1356 2866 et
1379 2832 1469 2880 pro
1494 2833 1595 2867 uno
1614 2817 1715 2867 filio
1735 2819 1837 2868 duo
