<?xml version="1.0" encoding="UTF-8"?>
<!DOCTYPE html PUBLIC "-//W3C//DTD XHTML 1.0 Transitional//EN"
    "http://www.w3.org/TR/xhtml1/DTD/xhtml1-transitional.dtd">
<html xmlns="http://www.w3.org/1999/xhtml" xml:lang="en" lang="en">
 <head>
  <title>
</title>
<meta http-equiv="Content-Type" content="text/html;charset=utf-8" />
  <meta name='ocr-system' content='tesseract 3.04.00' />
  <meta name='ocr-capabilities' content='ocr_page ocr_carea ocr_par ocr_line ocrx_word'/>
</head>
<body>
  <div class='ocr_page' id='page_1' title='image "./proplanciolatin100ciceuoft_0292.png"; bbox 0 0 2046 3112; ppageno 0'>
   <div class='ocr_carea' id='block_1_1' title="bbox 234 119 1410 182">
    <p class='ocr_par' dir='ltr' id='par_1_1' title="bbox 234 119 1410 182">
     <span class='ocr_line' id='line_1_1' title="bbox 234 119 1410 182; baseline -0.003 -10"><span class='ocrx_word' id='word_1_1' title='bbox 234 138 328 182; x_wconf 88' lang='lat'>224</span> <span class='ocrx_word' id='word_1_2' title='bbox 722 120 875 170; x_wconf 85' lang='lat' dir='ltr'>PRO</span> <span class='ocrx_word' id='word_1_3' title='bbox 927 121 1037 169; x_wconf 84' lang='lat' dir='ltr'>CN.</span> <span class='ocrx_word' id='word_1_4' title='bbox 1076 119 1410 169; x_wconf 85' lang='lat' dir='ltr'><em>PLANCIO</em></span> 
     </span>
    </p>
   </div>
   <div class='ocr_carea' id='block_1_2' title="bbox 231 228 1911 1840">
    <p class='ocr_par' dir='ltr' id='par_1_2' title="bbox 285 228 1897 482">
     <span class='ocr_line' id='line_1_2' title="bbox 285 228 1897 282; baseline -0.002 -10"><span class='ocrx_word' id='word_1_5' title='bbox 285 245 415 271; x_wconf 89' lang='lat' dir='ltr'>annos</span> <span class='ocrx_word' id='word_1_6' title='bbox 429 237 549 271; x_wconf 89' lang='lat' dir='ltr'>natus</span> <span class='ocrx_word' id='word_1_7' title='bbox 569 230 616 270; x_wconf 91' lang='lat' dir='ltr'>C.</span> <span class='ocrx_word' id='word_1_8' title='bbox 640 229 850 282; x_wconf 87' lang='lat' dir='ltr'>Papirium</span> <span class='ocrx_word' id='word_1_9' title='bbox 871 229 1106 269; x_wconf 88' lang='lat' dir='ltr'>Carbonem</span> <span class='ocrx_word' id='word_1_10' title='bbox 1126 242 1210 269; x_wconf 89' lang='lat' dir='ltr'>cos.</span> <span class='ocrx_word' id='word_1_11' title='bbox 1228 242 1263 269; x_wconf 88' lang='lat' dir='ltr'>a.</span> <span class='ocrx_word' id='word_1_12' title='bbox 1285 241 1361 269; x_wconf 86' lang='lat'>120</span> <span class='ocrx_word' id='word_1_13' title='bbox 1380 228 1564 269; x_wconf 87' lang='lat' dir='ltr'>oratione</span> <span class='ocrx_word' id='word_1_14' title='bbox 1583 228 1642 269; x_wconf 86' lang='lat' dir='ltr'>ita</span> <span class='ocrx_word' id='word_1_15' title='bbox 1659 229 1832 281; x_wconf 84' lang='lat' dir='ltr'>perculit</span> <span class='ocrx_word' id='word_1_16' title='bbox 1851 234 1897 268; x_wconf 90' lang='lat' dir='ltr'>ut</span> 
     </span>
     <span class='ocr_line' id='line_1_3' title="bbox 285 294 1897 350; baseline -0.002 -13"><span class='ocrx_word' id='word_1_17' title='bbox 285 299 373 350; x_wconf 91' lang='lat' dir='ltr'>ipse</span> <span class='ocrx_word' id='word_1_18' title='bbox 391 298 636 346; x_wconf 80' lang='lat' dir='ltr'>sibimanus</span> <span class='ocrx_word' id='word_1_19' title='bbox 654 295 845 345; x_wconf 85' lang='lat' dir='ltr'>inferret;</span> <span class='ocrx_word' id='word_1_20' title='bbox 879 295 1034 335; x_wconf 90' lang='lat' dir='ltr'>amicus</span> <span class='ocrx_word' id='word_1_21' title='bbox 1064 296 1125 335; x_wconf 88' lang='grc' dir='ltr'>Μ.</span> <span class='ocrx_word' id='word_1_22' title='bbox 1155 295 1264 334; x_wconf 90' lang='lat' dir='ltr'>Livii</span> <span class='ocrx_word' id='word_1_23' title='bbox 1290 295 1429 344; x_wconf 90' lang='lat' dir='ltr'>Drusi,</span> <span class='ocrx_word' id='word_1_24' title='bbox 1453 308 1576 348; x_wconf 91' lang='lat' dir='ltr'>quem</span> <span class='ocrx_word' id='word_1_25' title='bbox 1606 308 1699 334; x_wconf 90' lang='lat' dir='ltr'>cum</span> <span class='ocrx_word' id='word_1_26' title='bbox 1724 308 1762 334; x_wconf 89' lang='lat' dir='ltr'>a.</span> <span class='ocrx_word' id='word_1_27' title='bbox 1781 307 1830 348; x_wconf 91' lang='lat'>91</span> <span class='ocrx_word' id='word_1_28' title='bbox 1854 294 1897 333; x_wconf 89' lang='lat' dir='ltr'>in</span> 
     </span>
     <span class='ocr_line' id='line_1_4' title="bbox 285 363 1897 416; baseline -0.002 -11"><span class='ocrx_word' id='word_1_29' title='bbox 285 371 427 405; x_wconf 88' lang='lat' dir='ltr'>senatu</span> <span class='ocrx_word' id='word_1_30' title='bbox 456 364 707 414; x_wconf 89' lang='lat' dir='ltr'>defenderet,</span> <span class='ocrx_word' id='word_1_31' title='bbox 725 363 830 403; x_wconf 87' lang='lat' dir='ltr'>adeo</span> <span class='ocrx_word' id='word_1_32' title='bbox 849 363 990 402; x_wconf 83' lang='lat' dir='ltr'>animo</span> <span class='ocrx_word' id='word_1_33' title='bbox 1012 370 1148 403; x_wconf 90' lang='lat' dir='ltr'>motus</span> <span class='ocrx_word' id='word_1_34' title='bbox 1168 373 1229 403; x_wconf 89' lang='lat' dir='ltr'>est</span> <span class='ocrx_word' id='word_1_35' title='bbox 1254 369 1301 403; x_wconf 91' lang='lat' dir='ltr'>ut</span> <span class='ocrx_word' id='word_1_36' title='bbox 1322 363 1465 416; x_wconf 87' lang='lat' dir='ltr'>paucis</span> <span class='ocrx_word' id='word_1_37' title='bbox 1490 363 1636 403; x_wconf 92' lang='lat' dir='ltr'>diebus</span> <span class='ocrx_word' id='word_1_38' title='bbox 1654 369 1748 415; x_wconf 91' lang='lat' dir='ltr'>post</span> <span class='ocrx_word' id='word_1_39' title='bbox 1767 375 1897 402; x_wconf 90' lang='lat' dir='ltr'>more-</span> 
     </span>
     <span class='ocr_line' id='line_1_5' title="bbox 285 434 535 482; baseline -0.008 -9"><span class='ocrx_word' id='word_1_40' title='bbox 285 440 395 474; x_wconf 89' lang='lat' dir='ltr'><strong>retur</strong></span> <span class='ocrx_word' id='word_1_41' title='bbox 412 434 463 472; x_wconf 89' lang='lat'>33</span> <span class='ocrx_word' id='word_1_42' title='bbox 488 444 535 482; x_wconf 87' lang='lat'>15</span> 
     </span>
    </p>

    <p class='ocr_par' dir='ltr' id='par_1_3' title="bbox 231 498 1901 751">
     <span class='ocr_line' id='line_1_6' title="bbox 231 498 1900 552; baseline -0.002 -11"><span class='ocrx_word' id='word_1_43' title='bbox 231 503 281 541; x_wconf 79' lang='lat' dir='ltr'>P.</span> <span class='ocrx_word' id='word_1_44' title='bbox 312 502 502 542; x_wconf 89' lang='lat' dir='ltr'>Licinius</span> <span class='ocrx_word' id='word_1_45' title='bbox 532 501 598 540; x_wconf 74' lang='lat' dir='ltr'>M,</span> <span class='ocrx_word' id='word_1_46' title='bbox 616 500 662 552; x_wconf 82' lang='lat' dir='ltr'>f.</span> <span class='ocrx_word' id='word_1_47' title='bbox 693 501 745 540; x_wconf 89' lang='lat' dir='ltr'>P.</span> <span class='ocrx_word' id='word_1_48' title='bbox 772 513 817 539; x_wconf 85' lang='lat' dir='ltr'>n.</span> <span class='ocrx_word' id='word_1_49' title='bbox 847 500 1021 539; x_wconf 82' lang='lat' dir='ltr'><em>Crassus</em></span> <span class='ocrx_word' id='word_1_50' title='bbox 1052 500 1183 539; x_wconf 85' lang='lat' dir='ltr'>Dives</span> <span class='ocrx_word' id='word_1_51' title='bbox 1213 499 1489 548; x_wconf 85' lang='lat' dir='ltr'>Lusitanicus,</span> <span class='ocrx_word' id='word_1_52' title='bbox 1524 504 1641 552; x_wconf 84' lang='lat' dir='ltr'>pater</span> <span class='ocrx_word' id='word_1_53' title='bbox 1669 498 1732 538; x_wconf 93' lang='grc' dir='ltr'>Μ.</span> <span class='ocrx_word' id='word_1_54' title='bbox 1763 498 1900 538; x_wconf 87' lang='lat' dir='ltr'>Crassi</span> 
     </span>
     <span class='ocr_line' id='line_1_7' title="bbox 286 565 1899 619; baseline -0.002 -12"><span class='ocrx_word' id='word_1_55' title='bbox 286 568 499 614; x_wconf 86' lang='lat' dir='ltr'>triumviri,</span> <span class='ocrx_word' id='word_1_56' title='bbox 530 566 721 607; x_wconf 85' lang='lat' dir='ltr'>Ciceroni</span> <span class='ocrx_word' id='word_1_57' title='bbox 743 565 939 618; x_wconf 89' lang='lat' dir='ltr'>aequalis,</span> <span class='ocrx_word' id='word_1_58' title='bbox 968 578 1050 605; x_wconf 91' lang='lat' dir='ltr'>cos.</span> <span class='ocrx_word' id='word_1_59' title='bbox 1079 579 1118 605; x_wconf 84' lang='lat' dir='ltr'>a.</span> <span class='ocrx_word' id='word_1_60' title='bbox 1146 576 1215 619; x_wconf 87' lang='lat'>97,</span> <span class='ocrx_word' id='word_1_61' title='bbox 1242 578 1294 605; x_wconf 89' lang='lat' dir='ltr'>ex</span> <span class='ocrx_word' id='word_1_62' title='bbox 1323 565 1531 606; x_wconf 89' lang='lat' dir='ltr'>Lusitanis</span> <span class='ocrx_word' id='word_1_63' title='bbox 1560 565 1829 618; x_wconf 89' lang='lat' dir='ltr'>triumphavit</span> <span class='ocrx_word' id='word_1_64' title='bbox 1860 578 1899 604; x_wconf 84' lang='lat' dir='ltr'>a.</span> 
     </span>
     <span class='ocr_line' id='line_1_8' title="bbox 286 633 1901 691; baseline -0.002 -15"><span class='ocrx_word' id='word_1_65' title='bbox 286 650 339 691; x_wconf 86' lang='lat'>93</span> <span class='ocrx_word' id='word_1_66' title='bbox 354 651 368 687; x_wconf 91' lang='lat'>;</span> <span class='ocrx_word' id='word_1_67' title='bbox 395 636 507 676; x_wconf 94' lang='lat' dir='ltr'>bello</span> <span class='ocrx_word' id='word_1_68' title='bbox 523 637 704 675; x_wconf 90' lang='lat' dir='ltr'>Marsico</span> <span class='ocrx_word' id='word_1_69' title='bbox 723 635 883 687; x_wconf 88' lang='lat' dir='ltr'>legatus</span> <span class='ocrx_word' id='word_1_70' title='bbox 899 635 948 673; x_wconf 91' lang='lat' dir='ltr'>L.</span> <span class='ocrx_word' id='word_1_71' title='bbox 972 635 1081 674; x_wconf 93' lang='lat' dir='ltr'>Iulio</span> <span class='ocrx_word' id='word_1_72' title='bbox 1103 634 1269 674; x_wconf 87' lang='lat' dir='ltr'>Caesari</span> <span class='ocrx_word' id='word_1_73' title='bbox 1289 647 1324 673; x_wconf 85' lang='lat' dir='ltr'>a.</span> <span class='ocrx_word' id='word_1_74' title='bbox 1349 646 1402 687; x_wconf 92' lang='lat'>90</span> <span class='ocrx_word' id='word_1_75' title='bbox 1412 648 1426 684; x_wconf 80' lang='lat'>3</span> <span class='ocrx_word' id='word_1_76' title='bbox 1455 646 1500 673; x_wconf 90' lang='lat' dir='ltr'>se</span> <span class='ocrx_word' id='word_1_77' title='bbox 1518 633 1607 686; x_wconf 89' lang='lat' dir='ltr'>ipse</span> <span class='ocrx_word' id='word_1_78' title='bbox 1627 633 1830 674; x_wconf 83' lang='lat' dir='ltr'>interfecit</span> <span class='ocrx_word' id='word_1_79' title='bbox 1848 646 1901 673; x_wconf 88' lang='lat' dir='ltr'>ne</span> 
     </span>
     <span class='ocr_line' id='line_1_9' title="bbox 286 701 1175 751; baseline -0.007 -8"><span class='ocrx_word' id='word_1_80' title='bbox 286 705 331 744; x_wconf 90' lang='lat' dir='ltr'>in</span> <span class='ocrx_word' id='word_1_81' title='bbox 350 717 495 743; x_wconf 87' lang='lat' dir='ltr'>manus</span> <span class='ocrx_word' id='word_1_82' title='bbox 518 702 798 742; x_wconf 87' lang='lat' dir='ltr'>Marianorum</span> <span class='ocrx_word' id='word_1_83' title='bbox 820 701 1032 748; x_wconf 87' lang='lat' dir='ltr'>incideret,</span> <span class='ocrx_word' id='word_1_84' title='bbox 1054 701 1105 739; x_wconf 89' lang='lat'>32</span> <span class='ocrx_word' id='word_1_85' title='bbox 1128 711 1175 751; x_wconf 82' lang='lat'>25</span> 
     </span>
    </p>

    <p class='ocr_par' dir='ltr' id='par_1_4' title="bbox 233 767 1906 1160">
     <span class='ocr_line' id='line_1_10' title="bbox 233 767 1903 822; baseline -0.002 -11"><span class='ocrx_word' id='word_1_86' title='bbox 233 772 297 812; x_wconf 90' lang='lat' dir='ltr'>M.</span> <span class='ocrx_word' id='word_1_87' title='bbox 322 771 510 811; x_wconf 86' lang='lat' dir='ltr'>Licinius</span> <span class='ocrx_word' id='word_1_88' title='bbox 534 772 706 810; x_wconf 75' lang='lat' dir='ltr'>Crassus</span> <span class='ocrx_word' id='word_1_89' title='bbox 727 771 776 810; x_wconf 92' lang='lat' dir='ltr'>P.</span> <span class='ocrx_word' id='word_1_90' title='bbox 804 769 848 822; x_wconf 84' lang='lat' dir='ltr'>s.</span> <span class='ocrx_word' id='word_1_91' title='bbox 878 770 1005 809; x_wconf 86' lang='lat' dir='ltr'>Dives</span> <span class='ocrx_word' id='word_1_92' title='bbox 1035 769 1244 809; x_wconf 89' lang='lat' dir='ltr'>‘triumvir</span> <span class='ocrx_word' id='word_1_93' title='bbox 1259 767 1269 786; x_wconf 90' lang='lat'>&#39;</span> <span class='ocrx_word' id='word_1_94' title='bbox 1289 782 1327 808; x_wconf 93' lang='lat' dir='ltr'>a.</span> <span class='ocrx_word' id='word_1_95' title='bbox 1349 771 1398 819; x_wconf 89' lang='lat'>85</span> <span class='ocrx_word' id='word_1_96' title='bbox 1428 769 1638 810; x_wconf 89' lang='lat' dir='ltr'>Marianos</span> <span class='ocrx_word' id='word_1_97' title='bbox 1669 768 1830 820; x_wconf 84' lang='lat' dir='ltr'>fugiens</span> <span class='ocrx_word' id='word_1_98' title='bbox 1858 768 1903 807; x_wconf 93' lang='lat' dir='ltr'>in</span> 
     </span>
     <span class='ocr_line' id='line_1_11' title="bbox 289 836 1903 892; baseline -0.002 -14"><span class='ocrx_word' id='word_1_99' title='bbox 289 839 539 892; x_wconf 87' lang='lat' dir='ltr'>Hispaniam</span> <span class='ocrx_word' id='word_1_100' title='bbox 577 852 620 878; x_wconf 93' lang='lat' dir='ltr'>se</span> <span class='ocrx_word' id='word_1_101' title='bbox 648 837 848 887; x_wconf 82' lang='lat' dir='ltr'>contulit3</span> <span class='ocrx_word' id='word_1_102' title='bbox 887 850 925 877; x_wconf 91' lang='lat' dir='ltr'>a.</span> <span class='ocrx_word' id='word_1_103' title='bbox 961 838 1013 887; x_wconf 80' lang='grc'>83</span> <span class='ocrx_word' id='word_1_104' title='bbox 1044 837 1185 877; x_wconf 89' lang='lat' dir='ltr'>Sullae</span> <span class='ocrx_word' id='word_1_105' title='bbox 1214 849 1258 876; x_wconf 92' lang='lat' dir='ltr'>se</span> <span class='ocrx_word' id='word_1_106' title='bbox 1286 836 1497 885; x_wconf 82' lang='lat' dir='ltr'>adiunxit3</span> <span class='ocrx_word' id='word_1_107' title='bbox 1535 849 1620 876; x_wconf 91' lang='lat' dir='ltr'>cos.</span> <span class='ocrx_word' id='word_1_108' title='bbox 1651 849 1690 875; x_wconf 88' lang='lat' dir='ltr'>a.</span> <span class='ocrx_word' id='word_1_109' title='bbox 1727 848 1778 886; x_wconf 90' lang='lat'>70</span> <span class='ocrx_word' id='word_1_110' title='bbox 1809 848 1903 875; x_wconf 89' lang='lat' dir='ltr'>cum</span> 
     </span>
     <span class='ocr_line' id='line_1_12' title="bbox 289 902 1904 959; baseline -0.004 -12"><span class='ocrx_word' id='word_1_111' title='bbox 289 907 370 947; x_wconf 89' lang='lat' dir='ltr'>Cn.</span> <span class='ocrx_word' id='word_1_112' title='bbox 400 906 625 959; x_wconf 86' lang='lat' dir='ltr'>Pompei03</span> <span class='ocrx_word' id='word_1_113' title='bbox 654 918 764 945; x_wconf 86' lang='lat' dir='ltr'>cens.</span> <span class='ocrx_word' id='word_1_114' title='bbox 793 918 829 944; x_wconf 91' lang='lat' dir='ltr'>a.</span> <span class='ocrx_word' id='word_1_115' title='bbox 861 904 939 956; x_wconf 85' lang='lat'>65;</span> <span class='ocrx_word' id='word_1_116' title='bbox 967 917 1005 943; x_wconf 88' lang='lat' dir='ltr'>a.</span> <span class='ocrx_word' id='word_1_117' title='bbox 1028 902 1079 951; x_wconf 86' lang='lat'>63</span> <span class='ocrx_word' id='word_1_118' title='bbox 1111 904 1330 943; x_wconf 88' lang='lat' dir='ltr'>Murenam</span> <span class='ocrx_word' id='word_1_119' title='bbox 1355 917 1448 943; x_wconf 91' lang='lat' dir='ltr'>cum</span> <span class='ocrx_word' id='word_1_120' title='bbox 1475 903 1673 943; x_wconf 90' lang='lat' dir='ltr'>Cicerone</span> <span class='ocrx_word' id='word_1_121' title='bbox 1697 903 1904 950; x_wconf 80' lang='lat' dir='ltr'>defendit3</span> 
     </span>
     <span class='ocr_line' id='line_1_13' title="bbox 287 964 1905 1025; baseline -0.004 -11"><span class='ocrx_word' id='word_1_122' title='bbox 287 988 327 1013; x_wconf 87' lang='lat' dir='ltr'>a.</span> <span class='ocrx_word' id='word_1_123' title='bbox 367 973 418 1025; x_wconf 87' lang='lat'>56</span> <span class='ocrx_word' id='word_1_124' title='bbox 460 973 619 1013; x_wconf 89' lang='lat' dir='ltr'>tresviri</span> <span class='ocrx_word' id='word_1_125' title='bbox 656 973 814 1012; x_wconf 89' lang='lat' dir='ltr'>Lucam</span> <span class='ocrx_word' id='word_1_126' title='bbox 846 977 1151 1021; x_wconf 80' lang='lat' dir='ltr'>convenerunt3</span> <span class='ocrx_word' id='word_1_127' title='bbox 1189 984 1229 1010; x_wconf 91' lang='lat' dir='ltr'>a.</span> <span class='ocrx_word' id='word_1_128' title='bbox 1260 983 1310 1022; x_wconf 85' lang='lat'>53</span> <span class='ocrx_word' id='word_1_129' title='bbox 1349 984 1375 1010; x_wconf 88' lang='lat' dir='ltr'>a</span> <span class='ocrx_word' id='word_1_130' title='bbox 1404 964 1582 1010; x_wconf 54' lang='lat' dir='ltr'>Parthis‘</span> <span class='ocrx_word' id='word_1_131' title='bbox 1605 971 1718 1023; x_wconf 93' lang='lat' dir='ltr'>apud</span> <span class='ocrx_word' id='word_1_132' title='bbox 1758 970 1905 1010; x_wconf 87' lang='lat' dir='ltr'>Carras</span> 
     </span>
     <span class='ocr_line' id='line_1_14' title="bbox 289 1038 1906 1094; baseline -0.002 -12"><span class='ocrx_word' id='word_1_133' title='bbox 289 1043 473 1083; x_wconf 88' lang='lat' dir='ltr'>devictus</span> <span class='ocrx_word' id='word_1_134' title='bbox 504 1041 675 1094; x_wconf 90' lang='lat' dir='ltr'>ipseque</span> <span class='ocrx_word' id='word_1_135' title='bbox 703 1041 828 1093; x_wconf 89' lang='lat' dir='ltr'>paulo</span> <span class='ocrx_word' id='word_1_136' title='bbox 856 1046 950 1092; x_wconf 89' lang='lat' dir='ltr'>post</span> <span class='ocrx_word' id='word_1_137' title='bbox 985 1038 1204 1092; x_wconf 89' lang='lat' dir='ltr'>perfidiose</span> <span class='ocrx_word' id='word_1_138' title='bbox 1234 1038 1470 1079; x_wconf 87' lang='lat' dir='ltr'>interfectus</span> <span class='ocrx_word' id='word_1_139' title='bbox 1500 1045 1562 1079; x_wconf 90' lang='lat' dir='ltr'>est</span> <span class='ocrx_word' id='word_1_140' title='bbox 1578 1053 1592 1089; x_wconf 89' lang='lat'>;</span> <span class='ocrx_word' id='word_1_141' title='bbox 1632 1045 1774 1078; x_wconf 84' lang='lat' dir='ltr'>auctor</span> <span class='ocrx_word' id='word_1_142' title='bbox 1802 1038 1906 1089; x_wconf 85' lang='lat' dir='ltr'>legis</span> 
     </span>
     <span class='ocr_line' id='line_1_15' title="bbox 290 1108 910 1160; baseline -0.005 -10"><span class='ocrx_word' id='word_1_143' title='bbox 290 1111 475 1150; x_wconf 82' lang='lat' dir='ltr'>Liciniae</span> <span class='ocrx_word' id='word_1_144' title='bbox 490 1110 542 1149; x_wconf 91' lang='lat' dir='ltr'>de</span> <span class='ocrx_word' id='word_1_145' title='bbox 561 1109 768 1148; x_wconf 86' lang='lat' dir='ltr'>sodaliciis</span> <span class='ocrx_word' id='word_1_146' title='bbox 787 1108 839 1148; x_wconf 82' lang='lat'>49</span> <span class='ocrx_word' id='word_1_147' title='bbox 858 1121 910 1160; x_wconf 82' lang='lat'>30</span> 
     </span>
    </p>

    <p class='ocr_par' dir='ltr' id='par_1_5' title="bbox 241 1176 1906 1364">
     <span class='ocr_line' id='line_1_16' title="bbox 241 1176 1906 1231; baseline -0.002 -12"><span class='ocrx_word' id='word_1_148' title='bbox 241 1181 277 1219; x_wconf 90' lang='lat' dir='ltr'><em>C</em></span> <span class='ocrx_word' id='word_1_149' title='bbox 276 1209 285 1218; x_wconf 93' lang='lat'><em>.</em></span> <span class='ocrx_word' id='word_1_150' title='bbox 307 1179 498 1219; x_wconf 86' lang='lat' dir='ltr'>Licinius</span> <span class='ocrx_word' id='word_1_151' title='bbox 515 1178 715 1226; x_wconf 85' lang='lat' dir='ltr'>Sacerdos,</span> <span class='ocrx_word' id='word_1_152' title='bbox 734 1190 809 1231; x_wconf 92' lang='lat' dir='ltr'>pro</span> <span class='ocrx_word' id='word_1_153' title='bbox 825 1184 1013 1229; x_wconf 90' lang='lat' dir='ltr'>praetore</span> <span class='ocrx_word' id='word_1_154' title='bbox 1030 1176 1195 1217; x_wconf 90' lang='lat' dir='ltr'>Siciliae</span> <span class='ocrx_word' id='word_1_155' title='bbox 1209 1182 1305 1216; x_wconf 91' lang='lat' dir='ltr'>ante</span> <span class='ocrx_word' id='word_1_156' title='bbox 1319 1176 1506 1226; x_wconf 88' lang='lat' dir='ltr'>Verrem,</span> <span class='ocrx_word' id='word_1_157' title='bbox 1530 1176 1776 1228; x_wconf 89' lang='lat' dir='ltr'>competitor</span> <span class='ocrx_word' id='word_1_158' title='bbox 1789 1176 1906 1216; x_wconf 91' lang='lat' dir='ltr'>Cice·</span> 
     </span>
     <span class='ocr_line' id='line_1_17' title="bbox 291 1244 1906 1296; baseline -0.001 -10"><span class='ocrx_word' id='word_1_159' title='bbox 291 1247 402 1287; x_wconf 88' lang='lat' dir='ltr'>ronis</span> <span class='ocrx_word' id='word_1_160' title='bbox 426 1246 471 1286; x_wconf 88' lang='lat' dir='ltr'>in</span> <span class='ocrx_word' id='word_1_161' title='bbox 502 1246 730 1292; x_wconf 90' lang='lat' dir='ltr'>consulatu,</span> <span class='ocrx_word' id='word_1_162' title='bbox 772 1246 823 1296; x_wconf 83' lang='lat' dir='ltr'>Q.</span> <span class='ocrx_word' id='word_1_163' title='bbox 864 1245 1039 1285; x_wconf 90' lang='lat' dir='ltr'>Metello</span> <span class='ocrx_word' id='word_1_164' title='bbox 1073 1244 1237 1285; x_wconf 91' lang='lat' dir='ltr'>Cretico</span> <span class='ocrx_word' id='word_1_165' title='bbox 1274 1244 1318 1284; x_wconf 90' lang='lat' dir='ltr'>in</span> <span class='ocrx_word' id='word_1_166' title='bbox 1358 1246 1483 1285; x_wconf 88' lang='lat' dir='ltr'>Creta</span> <span class='ocrx_word' id='word_1_167' title='bbox 1517 1244 1675 1296; x_wconf 88' lang='lat' dir='ltr'>legatus</span> <span class='ocrx_word' id='word_1_168' title='bbox 1707 1244 1823 1284; x_wconf 86' lang='lat' dir='ltr'>fortis</span> <span class='ocrx_word' id='word_1_169' title='bbox 1866 1252 1906 1284; x_wconf 91' lang='lat' dir='ltr'>et</span> 
     </span>
     <span class='ocr_line' id='line_1_18' title="bbox 293 1311 867 1364; baseline -0.002 -10"><span class='ocrx_word' id='word_1_170' title='bbox 293 1320 482 1354; x_wconf 86' lang='lat' dir='ltr'>constans</span> <span class='ocrx_word' id='word_1_171' title='bbox 502 1327 538 1353; x_wconf 89' lang='lat' dir='ltr'>a.</span> <span class='ocrx_word' id='word_1_172' title='bbox 561 1312 625 1362; x_wconf 91' lang='lat'>68,</span> <span class='ocrx_word' id='word_1_173' title='bbox 652 1311 717 1364; x_wconf 84' lang='lat'>67,</span> <span class='ocrx_word' id='word_1_174' title='bbox 738 1313 789 1353; x_wconf 84' lang='lat'>27</span> <span class='ocrx_word' id='word_1_175' title='bbox 815 1324 867 1363; x_wconf 82' lang='lat'>30</span> 
     </span>
    </p>

    <p class='ocr_par' dir='ltr' id='par_1_6' title="bbox 238 1379 1910 1568">
     <span class='ocr_line' id='line_1_19' title="bbox 238 1379 1910 1434; baseline -0.002 -13"><span class='ocrx_word' id='word_1_176' title='bbox 238 1383 302 1421; x_wconf 90' lang='lat' dir='ltr'>M.</span> <span class='ocrx_word' id='word_1_177' title='bbox 324 1383 470 1421; x_wconf 83' lang='lat' dir='ltr'>Livius</span> <span class='ocrx_word' id='word_1_178' title='bbox 486 1382 656 1421; x_wconf 84' lang='lat' dir='ltr'>Drusus</span> <span class='ocrx_word' id='word_1_179' title='bbox 684 1381 779 1420; x_wconf 89' lang='lat' dir='ltr'>trib.</span> <span class='ocrx_word' id='word_1_180' title='bbox 811 1381 869 1432; x_wconf 91' lang='lat' dir='ltr'>pl.</span> <span class='ocrx_word' id='word_1_181' title='bbox 897 1394 934 1420; x_wconf 92' lang='lat' dir='ltr'>a.</span> <span class='ocrx_word' id='word_1_182' title='bbox 967 1393 1033 1434; x_wconf 87' lang='lat'>91,</span> <span class='ocrx_word' id='word_1_183' title='bbox 1058 1381 1121 1420; x_wconf 92' lang='lat' dir='ltr'>M.</span> <span class='ocrx_word' id='word_1_184' title='bbox 1149 1380 1321 1421; x_wconf 88' lang='lat' dir='ltr'>Catonis</span> <span class='ocrx_word' id='word_1_185' title='bbox 1350 1380 1559 1420; x_wconf 89' lang='lat' dir='ltr'>Uticensis</span> <span class='ocrx_word' id='word_1_186' title='bbox 1586 1379 1824 1428; x_wconf 88' lang='lat' dir='ltr'>avunculus,</span> <span class='ocrx_word' id='word_1_187' title='bbox 1846 1379 1910 1419; x_wconf 88' lang='lat' dir='ltr'>vir</span> 
     </span>
     <span class='ocr_line' id='line_1_20' title="bbox 291 1447 1908 1502; baseline -0.002 -13"><span class='ocrx_word' id='word_1_188' title='bbox 291 1450 427 1502; x_wconf 89' lang='lat' dir='ltr'>gravis</span> <span class='ocrx_word' id='word_1_189' title='bbox 460 1449 612 1489; x_wconf 86' lang='lat' dir='ltr'>Gaium</span> <span class='ocrx_word' id='word_1_190' title='bbox 647 1448 880 1489; x_wconf 87' lang='lat' dir='ltr'>Gracchum</span> <span class='ocrx_word' id='word_1_191' title='bbox 909 1447 1058 1487; x_wconf 88' lang='lat' dir='ltr'>iterum</span> <span class='ocrx_word' id='word_1_192' title='bbox 1090 1447 1300 1488; x_wconf 91' lang='lat' dir='ltr'>tribunum</span> <span class='ocrx_word' id='word_1_193' title='bbox 1327 1447 1462 1500; x_wconf 82' lang='lat' dir='ltr'>fregit,</span> <span class='ocrx_word' id='word_1_194' title='bbox 1494 1448 1628 1500; x_wconf 90' lang='lat' dir='ltr'>legem</span> <span class='ocrx_word' id='word_1_195' title='bbox 1658 1447 1827 1487; x_wconf 84' lang='lat' dir='ltr'>Liviam</span> <span class='ocrx_word' id='word_1_196' title='bbox 1857 1447 1908 1486; x_wconf 88' lang='lat' dir='ltr'>de</span> 
     </span>
     <span class='ocr_line' id='line_1_21' title="bbox 293 1515 1715 1568; baseline -0.001 -12"><span class='ocrx_word' id='word_1_197' title='bbox 293 1517 458 1557; x_wconf 88' lang='lat' dir='ltr'>civitate</span> <span class='ocrx_word' id='word_1_198' title='bbox 473 1516 593 1556; x_wconf 85' lang='lat' dir='ltr'>sociis</span> <span class='ocrx_word' id='word_1_199' title='bbox 607 1516 746 1556; x_wconf 84' lang='lat' dir='ltr'>danda</span> <span class='ocrx_word' id='word_1_200' title='bbox 764 1515 858 1555; x_wconf 89' lang='lat' dir='ltr'>tulit</span> <span class='ocrx_word' id='word_1_201' title='bbox 874 1529 887 1565; x_wconf 80' lang='lat'><em>3</em></span> <span class='ocrx_word' id='word_1_202' title='bbox 913 1515 1046 1555; x_wconf 86' lang='lat' dir='ltr'>facete</span> <span class='ocrx_word' id='word_1_203' title='bbox 1061 1515 1346 1568; x_wconf 88' lang='lat' dir='ltr'>perstringitur</span> <span class='ocrx_word' id='word_1_204' title='bbox 1358 1527 1382 1555; x_wconf 88' lang='lat' dir='ltr'>a</span> <span class='ocrx_word' id='word_1_205' title='bbox 1398 1515 1567 1565; x_wconf 87' lang='lat' dir='ltr'>Granio,</span> <span class='ocrx_word' id='word_1_206' title='bbox 1591 1515 1642 1553; x_wconf 87' lang='lat'>33</span> <span class='ocrx_word' id='word_1_207' title='bbox 1667 1528 1715 1567; x_wconf 86' lang='lat'>13</span> 
     </span>
    </p>

    <p class='ocr_par' dir='ltr' id='par_1_7' title="bbox 240 1585 674 1637">
     <span class='ocr_line' id='line_1_22' title="bbox 240 1585 674 1637; baseline -0.007 -12"><span class='ocrx_word' id='word_1_208' title='bbox 240 1586 410 1625; x_wconf 89' lang='lat' dir='ltr'>Lutatia</span> <span class='ocrx_word' id='word_1_209' title='bbox 429 1597 530 1636; x_wconf 90' lang='lat' dir='ltr'>gens</span> <span class='ocrx_word' id='word_1_210' title='bbox 551 1585 601 1622; x_wconf 87' lang='lat'>12</span> <span class='ocrx_word' id='word_1_211' title='bbox 623 1597 674 1637; x_wconf 83' lang='lat'>29</span> 
     </span>
    </p>

    <p class='ocr_par' dir='ltr' id='par_1_8' title="bbox 246 1649 1911 1840">
     <span class='ocr_line' id='line_1_23' title="bbox 246 1649 1906 1704; baseline -0.001 -12"><span class='ocrx_word' id='word_1_212' title='bbox 246 1654 282 1703; x_wconf 83' lang='lat' dir='ltr'><em>Q</em></span> <span class='ocrx_word' id='word_1_213' title='bbox 300 1653 496 1692; x_wconf 87' lang='lat' dir='ltr'>Lutatius</span> <span class='ocrx_word' id='word_1_214' title='bbox 518 1652 617 1704; x_wconf 82' lang='lat' dir='ltr'><em>Q.f.</em></span> <span class='ocrx_word' id='word_1_215' title='bbox 639 1652 815 1691; x_wconf 87' lang='lat' dir='ltr'>Catulus</span> <span class='ocrx_word' id='word_1_216' title='bbox 830 1649 978 1704; x_wconf 91' lang='lat' dir='ltr'>(pater)</span> <span class='ocrx_word' id='word_1_217' title='bbox 1000 1665 1110 1691; x_wconf 92' lang='lat' dir='ltr'>cons.</span> <span class='ocrx_word' id='word_1_218' title='bbox 1135 1665 1173 1691; x_wconf 88' lang='lat' dir='ltr'>a.</span> <span class='ocrx_word' id='word_1_219' title='bbox 1199 1665 1288 1700; x_wconf 88' lang='lat'>102,</span> <span class='ocrx_word' id='word_1_220' title='bbox 1308 1659 1370 1692; x_wconf 86' lang='lat' dir='ltr'>ter</span> <span class='ocrx_word' id='word_1_221' title='bbox 1389 1658 1510 1692; x_wconf 87' lang='lat' dir='ltr'>antea</span> <span class='ocrx_word' id='word_1_222' title='bbox 1524 1652 1723 1704; x_wconf 90' lang='lat' dir='ltr'>repulsus,</span> <span class='ocrx_word' id='word_1_223' title='bbox 1743 1663 1838 1691; x_wconf 92' lang='lat' dir='ltr'>cum</span> <span class='ocrx_word' id='word_1_224' title='bbox 1858 1649 1906 1690; x_wconf 87' lang='lat' dir='ltr'>C.</span> 
     </span>
     <span class='ocr_line' id='line_1_24' title="bbox 297 1718 1911 1771; baseline -0.001 -13"><span class='ocrx_word' id='word_1_225' title='bbox 297 1719 434 1759; x_wconf 90' lang='lat' dir='ltr'>Mario</span> <span class='ocrx_word' id='word_1_226' title='bbox 464 1719 658 1759; x_wconf 90' lang='lat' dir='ltr'>Cimbros</span> <span class='ocrx_word' id='word_1_227' title='bbox 683 1718 782 1758; x_wconf 88' lang='lat' dir='ltr'>vicit</span> <span class='ocrx_word' id='word_1_228' title='bbox 810 1718 854 1758; x_wconf 94' lang='lat' dir='ltr'>in</span> <span class='ocrx_word' id='word_1_229' title='bbox 879 1718 1037 1771; x_wconf 91' lang='lat' dir='ltr'>campis</span> <span class='ocrx_word' id='word_1_230' title='bbox 1071 1719 1245 1758; x_wconf 90' lang='lat' dir='ltr'>Raudiis</span> <span class='ocrx_word' id='word_1_231' title='bbox 1275 1731 1311 1759; x_wconf 84' lang='lat' dir='ltr'>a.</span> <span class='ocrx_word' id='word_1_232' title='bbox 1355 1729 1448 1766; x_wconf 88' lang='lat'>101,</span> <span class='ocrx_word' id='word_1_233' title='bbox 1477 1725 1622 1771; x_wconf 89' lang='lat' dir='ltr'>postea</span> <span class='ocrx_word' id='word_1_234' title='bbox 1641 1732 1676 1759; x_wconf 90' lang='lat' dir='ltr'>a.</span> <span class='ocrx_word' id='word_1_235' title='bbox 1704 1719 1751 1759; x_wconf 93' lang='lat' dir='ltr'>C.</span> <span class='ocrx_word' id='word_1_236' title='bbox 1776 1718 1911 1758; x_wconf 84' lang='lat' dir='ltr'>Mario</span> 
     </span>
     <span class='ocr_line' id='line_1_25' title="bbox 297 1786 1384 1840; baseline -0.001 -13"><span class='ocrx_word' id='word_1_237' title='bbox 297 1794 463 1828; x_wconf 86' lang='lat' dir='ltr'>coactus</span> <span class='ocrx_word' id='word_1_238' title='bbox 491 1794 552 1827; x_wconf 88' lang='lat' dir='ltr'>est</span> <span class='ocrx_word' id='word_1_239' title='bbox 574 1794 620 1827; x_wconf 92' lang='lat' dir='ltr'>ut</span> <span class='ocrx_word' id='word_1_240' title='bbox 648 1786 732 1827; x_wconf 86' lang='lat' dir='ltr'>vita</span> <span class='ocrx_word' id='word_1_241' title='bbox 751 1801 794 1827; x_wconf 92' lang='lat' dir='ltr'>se</span> <span class='ocrx_word' id='word_1_242' title='bbox 812 1786 900 1839; x_wconf 91' lang='lat' dir='ltr'>ipse</span> <span class='ocrx_word' id='word_1_243' title='bbox 915 1787 1092 1840; x_wconf 87' lang='lat' dir='ltr'>privaret</span> <span class='ocrx_word' id='word_1_244' title='bbox 1112 1801 1149 1827; x_wconf 87' lang='lat' dir='ltr'>a.</span> <span class='ocrx_word' id='word_1_245' title='bbox 1171 1788 1238 1837; x_wconf 87' lang='lat'>87,</span> <span class='ocrx_word' id='word_1_246' title='bbox 1259 1786 1310 1825; x_wconf 88' lang='grc'>12</span> <span class='ocrx_word' id='word_1_247' title='bbox 1331 1799 1384 1839; x_wconf 83' lang='lat'>29</span> 
     </span>
    </p>
   </div>
   <div class='ocr_carea' id='block_1_3' title="bbox 1052 1950 1099 1989">
    <p class='ocr_par' dir='ltr' id='par_1_9' title="bbox 1052 1950 1099 1989">
     <span class='ocr_line' id='line_1_26' title="bbox 1052 1950 1099 1989; baseline 0 0"><span class='ocrx_word' id='word_1_248' title='bbox 1052 1950 1099 1989; x_wconf 95' lang='lat' dir='ltr'>M</span> 
     </span>
    </p>
   </div>
   <div class='ocr_carea' id='block_1_4' title="bbox 245 2050 1919 2845">
    <p class='ocr_par' dir='ltr' id='par_1_10' title="bbox 245 2050 1917 2300">
     <span class='ocr_line' id='line_1_27' title="bbox 245 2050 1915 2106; baseline -0.002 -12"><span class='ocrx_word' id='word_1_249' title='bbox 245 2054 500 2101; x_wconf 80' lang='lat' dir='ltr'>Macedonia,</span> <span class='ocrx_word' id='word_1_250' title='bbox 521 2052 733 2106; x_wconf 89' lang='lat' dir='ltr'>provincia</span> <span class='ocrx_word' id='word_1_251' title='bbox 747 2053 939 2092; x_wconf 87' lang='lat' dir='ltr'>Romana</span> <span class='ocrx_word' id='word_1_252' title='bbox 957 2051 1274 2105; x_wconf 86' lang='lat' dir='ltr'>proconsularis,</span> <span class='ocrx_word' id='word_1_253' title='bbox 1295 2050 1513 2091; x_wconf 85' lang='lat' dir='ltr'>Graeciam</span> <span class='ocrx_word' id='word_1_254' title='bbox 1542 2050 1639 2092; x_wconf 88' lang='lat' dir='ltr'>inde</span> <span class='ocrx_word' id='word_1_255' title='bbox 1664 2051 1718 2091; x_wconf 90' lang='lat' dir='ltr'>ab</span> <span class='ocrx_word' id='word_1_256' title='bbox 1744 2050 1915 2103; x_wconf 89' lang='lat' dir='ltr'>Illyride</span> 
     </span>
     <span class='ocr_line' id='line_1_28' title="bbox 299 2118 1917 2171; baseline -0.002 -10"><span class='ocrx_word' id='word_1_257' title='bbox 299 2123 354 2162; x_wconf 91' lang='lat' dir='ltr'>ad</span> <span class='ocrx_word' id='word_1_258' title='bbox 372 2120 576 2161; x_wconf 87' lang='lat' dir='ltr'>Achaiam</span> <span class='ocrx_word' id='word_1_259' title='bbox 596 2119 822 2168; x_wconf 86' lang='lat' dir='ltr'>continens,</span> <span class='ocrx_word' id='word_1_260' title='bbox 847 2119 890 2159; x_wconf 89' lang='lat' dir='ltr'>in</span> <span class='ocrx_word' id='word_1_261' title='bbox 909 2133 958 2159; x_wconf 88' lang='lat' dir='ltr'>ea</span> <span class='ocrx_word' id='word_1_262' title='bbox 981 2119 1076 2159; x_wconf 90' lang='lat' dir='ltr'>trib.</span> <span class='ocrx_word' id='word_1_263' title='bbox 1105 2119 1192 2158; x_wconf 86' lang='lat' dir='ltr'>mil.</span> <span class='ocrx_word' id='word_1_264' title='bbox 1223 2118 1299 2158; x_wconf 88' lang='lat' dir='ltr'>fuit</span> <span class='ocrx_word' id='word_1_265' title='bbox 1327 2118 1529 2164; x_wconf 86' lang='lat' dir='ltr'>Plancius,</span> <span class='ocrx_word' id='word_1_266' title='bbox 1550 2124 1696 2170; x_wconf 89' lang='lat' dir='ltr'>postea</span> <span class='ocrx_word' id='word_1_267' title='bbox 1725 2125 1917 2171; x_wconf 90' lang='lat' dir='ltr'>quaestor</span> 
     </span>
     <span class='ocr_line' id='line_1_29' title="bbox 300 2184 1915 2240; baseline -0.003 -12"><span class='ocrx_word' id='word_1_268' title='bbox 300 2191 352 2229; x_wconf 84' lang='lat'>28</span> <span class='ocrx_word' id='word_1_269' title='bbox 374 2199 438 2238; x_wconf 81' lang='lat'>32,</span> <span class='ocrx_word' id='word_1_270' title='bbox 461 2202 512 2228; x_wconf 93' lang='lat' dir='ltr'>eo</span> <span class='ocrx_word' id='word_1_271' title='bbox 531 2187 709 2240; x_wconf 86' lang='lat' dir='ltr'>perrexit</span> <span class='ocrx_word' id='word_1_272' title='bbox 740 2187 828 2227; x_wconf 88' lang='lat' dir='ltr'>Cic.</span> <span class='ocrx_word' id='word_1_273' title='bbox 864 2187 979 2227; x_wconf 88' lang='lat' dir='ltr'>exsul</span> <span class='ocrx_word' id='word_1_274' title='bbox 1007 2186 1059 2226; x_wconf 68' lang='lat'>93</span> <span class='ocrx_word' id='word_1_275' title='bbox 1079 2187 1116 2236; x_wconf 83' lang='lat'>8,</span> <span class='ocrx_word' id='word_1_276' title='bbox 1139 2191 1305 2238; x_wconf 85' lang='lat' dir='ltr'>praetor</span> <span class='ocrx_word' id='word_1_277' title='bbox 1324 2192 1411 2225; x_wconf 90' lang='lat' dir='ltr'>erat</span> <span class='ocrx_word' id='word_1_278' title='bbox 1431 2186 1479 2225; x_wconf 94' lang='lat' dir='ltr'>L.</span> <span class='ocrx_word' id='word_1_279' title='bbox 1515 2185 1746 2237; x_wconf 89' lang='lat' dir='ltr'>Appuleius</span> <span class='ocrx_word' id='word_1_280' title='bbox 1777 2184 1915 2224; x_wconf 82' lang='lat' dir='ltr'>Satur-</span> 
     </span>
     <span class='ocr_line' id='line_1_30' title="bbox 301 2259 562 2300; baseline -0.015 0"><span class='ocrx_word' id='word_1_281' title='bbox 301 2260 422 2300; x_wconf 88' lang='lat' dir='ltr'>ninus</span> <span class='ocrx_word' id='word_1_282' title='bbox 441 2259 491 2299; x_wconf 88' lang='grc'>99</span> <span class='ocrx_word' id='word_1_283' title='bbox 514 2270 562 2296; x_wconf 82' lang='lat'>22</span> 
     </span>
    </p>

    <p class='ocr_par' dir='ltr' id='par_1_11' title="bbox 248 2326 1117 2381">
     <span class='ocr_line' id='line_1_31' title="bbox 248 2326 1117 2381; baseline -0.005 -12"><span class='ocrx_word' id='word_1_284' title='bbox 248 2330 407 2369; x_wconf 85' lang='lat' dir='ltr'>Maecia</span> <span class='ocrx_word' id='word_1_285' title='bbox 427 2327 588 2381; x_wconf 88' lang='lat' dir='ltr'>(tribus)</span> <span class='ocrx_word' id='word_1_286' title='bbox 609 2341 739 2380; x_wconf 87' lang='lat' dir='ltr'>prope</span> <span class='ocrx_word' id='word_1_287' title='bbox 758 2326 992 2367; x_wconf 90' lang='lat' dir='ltr'>Lanuvium</span> <span class='ocrx_word' id='word_1_288' title='bbox 1018 2327 1070 2366; x_wconf 89' lang='lat'>38</span> <span class='ocrx_word' id='word_1_289' title='bbox 1091 2338 1117 2378; x_wconf 94' lang='lat'><strong>9</strong></span> 
     </span>
    </p>

    <p class='ocr_par' dir='ltr' id='par_1_12' title="bbox 254 2393 1918 2520">
     <span class='ocr_line' id='line_1_32' title="bbox 254 2393 1918 2447; baseline -0.003 -9"><span class='ocrx_word' id='word_1_290' title='bbox 254 2401 415 2439; x_wconf 84' lang='lat' dir='ltr'>Gnaeus</span> <span class='ocrx_word' id='word_1_291' title='bbox 432 2397 625 2437; x_wconf 87' lang='lat' dir='ltr'>Manlius</span> <span class='ocrx_word' id='word_1_292' title='bbox 642 2397 862 2436; x_wconf 84' lang='lat' dir='ltr'>Maximus</span> <span class='ocrx_word' id='word_1_293' title='bbox 886 2409 970 2436; x_wconf 86' lang='lat' dir='ltr'>cos.</span> <span class='ocrx_word' id='word_1_294' title='bbox 998 2409 1036 2435; x_wconf 91' lang='lat' dir='ltr'>a.</span> <span class='ocrx_word' id='word_1_295' title='bbox 1062 2408 1150 2445; x_wconf 89' lang='lat'>105,</span> <span class='ocrx_word' id='word_1_296' title='bbox 1176 2395 1219 2434; x_wconf 91' lang='lat' dir='ltr'>in</span> <span class='ocrx_word' id='word_1_297' title='bbox 1245 2395 1461 2435; x_wconf 85' lang='lat' dir='ltr'>consulatu</span> <span class='ocrx_word' id='word_1_298' title='bbox 1490 2394 1671 2447; x_wconf 91' lang='lat' dir='ltr'>petendo</span> <span class='ocrx_word' id='word_1_299' title='bbox 1692 2394 1744 2445; x_wconf 88' lang='lat' dir='ltr'>Q.</span> <span class='ocrx_word' id='word_1_300' title='bbox 1768 2393 1918 2434; x_wconf 88' lang='lat' dir='ltr'>Catulo</span> 
     </span>
     <span class='ocr_line' id='line_1_33' title="bbox 302 2463 1407 2520; baseline -0.004 -14"><span class='ocrx_word' id='word_1_301' title='bbox 302 2466 573 2520; x_wconf 87' lang='lat' dir='ltr'>praepositus,</span> <span class='ocrx_word' id='word_1_302' title='bbox 594 2478 619 2505; x_wconf 90' lang='lat' dir='ltr'>a</span> <span class='ocrx_word' id='word_1_303' title='bbox 639 2466 819 2505; x_wconf 89' lang='lat' dir='ltr'>Cimbris</span> <span class='ocrx_word' id='word_1_304' title='bbox 834 2466 877 2504; x_wconf 94' lang='lat' dir='ltr'>in</span> <span class='ocrx_word' id='word_1_305' title='bbox 897 2465 1036 2505; x_wconf 89' lang='lat' dir='ltr'>Gallia</span> <span class='ocrx_word' id='word_1_306' title='bbox 1054 2464 1183 2504; x_wconf 87' lang='lat' dir='ltr'>victus</span> <span class='ocrx_word' id='word_1_307' title='bbox 1203 2470 1263 2503; x_wconf 91' lang='lat' dir='ltr'>est</span> <span class='ocrx_word' id='word_1_308' title='bbox 1285 2463 1335 2502; x_wconf 84' lang='lat'>12</span> <span class='ocrx_word' id='word_1_309' title='bbox 1357 2476 1407 2514; x_wconf 88' lang='grc'>33</span> 
     </span>
    </p>

    <p class='ocr_par' dir='ltr' id='par_1_13' title="bbox 251 2530 1919 2649">
     <span class='ocr_line' id='line_1_34' title="bbox 251 2530 1919 2584; baseline -0.002 -11"><span class='ocrx_word' id='word_1_310' title='bbox 251 2536 307 2573; x_wconf 88' lang='lat' dir='ltr'>A.</span> <span class='ocrx_word' id='word_1_311' title='bbox 331 2532 524 2573; x_wconf 89' lang='lat' dir='ltr'>Manlius</span> <span class='ocrx_word' id='word_1_312' title='bbox 543 2533 787 2584; x_wconf 86' lang='lat' dir='ltr'>Torquatus,</span> <span class='ocrx_word' id='word_1_313' title='bbox 807 2545 884 2584; x_wconf 89' lang='lat' dir='ltr'>pro</span> <span class='ocrx_word' id='word_1_314' title='bbox 903 2538 1092 2584; x_wconf 88' lang='lat' dir='ltr'>praetore</span> <span class='ocrx_word' id='word_1_315' title='bbox 1108 2530 1293 2570; x_wconf 90' lang='lat' dir='ltr'>Africam</span> <span class='ocrx_word' id='word_1_316' title='bbox 1312 2530 1568 2582; x_wconf 89' lang='lat' dir='ltr'>provinciam</span> <span class='ocrx_word' id='word_1_317' title='bbox 1587 2530 1765 2570; x_wconf 89' lang='lat' dir='ltr'>obtinuit</span> <span class='ocrx_word' id='word_1_318' title='bbox 1785 2543 1822 2569; x_wconf 88' lang='lat' dir='ltr'>a.</span> <span class='ocrx_word' id='word_1_319' title='bbox 1846 2531 1919 2582; x_wconf 81' lang='lat'>783</span> 
     </span>
     <span class='ocr_line' id='line_1_35' title="bbox 305 2596 1274 2649; baseline -0.003 -10"><span class='ocrx_word' id='word_1_320' title='bbox 305 2613 399 2639; x_wconf 90' lang='lat' dir='ltr'>cum</span> <span class='ocrx_word' id='word_1_321' title='bbox 418 2611 468 2638; x_wconf 85' lang='lat' dir='ltr'>eo</span> <span class='ocrx_word' id='word_1_322' title='bbox 481 2598 686 2649; x_wconf 89' lang='lat' dir='ltr'>stipendia</span> <span class='ocrx_word' id='word_1_323' title='bbox 703 2597 799 2637; x_wconf 82' lang='lat' dir='ltr'>fecit</span> <span class='ocrx_word' id='word_1_324' title='bbox 820 2598 897 2637; x_wconf 93' lang='lat' dir='ltr'>Cn.</span> <span class='ocrx_word' id='word_1_325' title='bbox 924 2597 1127 2644; x_wconf 87' lang='lat' dir='ltr'>Plancius,</span> <span class='ocrx_word' id='word_1_326' title='bbox 1150 2596 1200 2636; x_wconf 88' lang='grc'>27</span> <span class='ocrx_word' id='word_1_327' title='bbox 1225 2598 1274 2636; x_wconf 92' lang='lat'>18</span> 
     </span>
    </p>

    <p class='ocr_par' dir='ltr' id='par_1_14' title="bbox 256 2662 1916 2786">
     <span class='ocr_line' id='line_1_36' title="bbox 256 2662 1916 2720; baseline -0.004 -11"><span class='ocrx_word' id='word_1_328' title='bbox 256 2671 296 2710; x_wconf 85' lang='lat' dir='ltr'><em>T</em></span> <span class='ocrx_word' id='word_1_329' title='bbox 296 2671 378 2710; x_wconf 88' lang='lat' dir='ltr'>itus</span> <span class='ocrx_word' id='word_1_330' title='bbox 398 2669 593 2708; x_wconf 86' lang='lat' dir='ltr'>Manlius</span> <span class='ocrx_word' id='word_1_331' title='bbox 625 2669 859 2720; x_wconf 82' lang='lat' dir='ltr'>Torquatus</span> <span class='ocrx_word' id='word_1_332' title='bbox 887 2668 938 2706; x_wconf 89' lang='lat' dir='ltr'>T.</span> <span class='ocrx_word' id='word_1_333' title='bbox 970 2667 998 2706; x_wconf 89' lang='lat' dir='ltr'>f.</span> <span class='ocrx_word' id='word_1_334' title='bbox 1028 2666 1152 2706; x_wconf 83' lang='lat' dir='ltr'>frater</span> <span class='ocrx_word' id='word_1_335' title='bbox 1177 2665 1373 2718; x_wconf 85' lang='lat' dir='ltr'>patruelis</span> <span class='ocrx_word' id='word_1_336' title='bbox 1407 2671 1447 2704; x_wconf 90' lang='lat' dir='ltr'>et</span> <span class='ocrx_word' id='word_1_337' title='bbox 1473 2676 1589 2703; x_wconf 86' lang='lat' dir='ltr'>socer</span> <span class='ocrx_word' id='word_1_338' title='bbox 1613 2663 1665 2704; x_wconf 87' lang='lat' dir='ltr'>A.</span> <span class='ocrx_word' id='word_1_339' title='bbox 1703 2662 1916 2715; x_wconf 87' lang='lat' dir='ltr'>Torquati,</span> 
     </span>
     <span class='ocr_line' id='line_1_37' title="bbox 308 2731 1532 2786; baseline -0.007 -10"><span class='ocrx_word' id='word_1_340' title='bbox 308 2735 490 2776; x_wconf 90' lang='lat' dir='ltr'>Molonis</span> <span class='ocrx_word' id='word_1_341' title='bbox 508 2734 731 2786; x_wconf 89' lang='lat' dir='ltr'>discipulus</span> <span class='ocrx_word' id='word_1_342' title='bbox 749 2733 847 2773; x_wconf 87' lang='lat' dir='ltr'>satis</span> <span class='ocrx_word' id='word_1_343' title='bbox 866 2734 919 2774; x_wconf 90' lang='lat' dir='ltr'>ad</span> <span class='ocrx_word' id='word_1_344' title='bbox 938 2733 1158 2773; x_wconf 87' lang='lat' dir='ltr'>dicendum</span> <span class='ocrx_word' id='word_1_345' title='bbox 1176 2731 1390 2783; x_wconf 83' lang='lat' dir='ltr'>expeditus</span> <span class='ocrx_word' id='word_1_346' title='bbox 1410 2732 1461 2770; x_wconf 85' lang='lat'>27</span> <span class='ocrx_word' id='word_1_347' title='bbox 1481 2742 1501 2768; x_wconf 80' lang='lat'>2</span> <span class='ocrx_word' id='word_1_348' title='bbox 1510 2743 1532 2782; x_wconf 86' lang='lat'>3</span> 
     </span>
    </p>

    <p class='ocr_par' dir='ltr' id='par_1_15' title="bbox 256 2803 850 2845">
     <span class='ocr_line' id='line_1_38' title="bbox 256 2803 850 2845; baseline -0.007 0"><span class='ocrx_word' id='word_1_349' title='bbox 256 2805 479 2845; x_wconf 80' lang='lat' dir='ltr'>Marcellus</span> <span class='ocrx_word' id='word_1_350' title='bbox 493 2815 508 2843; x_wconf 87' lang='lat'>.·</span> <span class='ocrx_word' id='word_1_351' title='bbox 541 2816 579 2842; x_wconf 86' lang='lat' dir='ltr'>v.</span> <span class='ocrx_word' id='word_1_352' title='bbox 594 2815 623 2843; x_wconf 90' lang='lat' dir='ltr'>s.</span> <span class='ocrx_word' id='word_1_353' title='bbox 652 2803 850 2844; x_wconf 74' lang='lat' dir='ltr'>Claudius</span> 
     </span>
    </p>
   </div>
   <div class='ocr_carea' id='block_1_5' title="bbox 286 2982 313 2991">
    <p class='ocr_par' dir='ltr' id='par_1_16' title="bbox 286 2982 313 2991">
     <span class='ocr_line' id='line_1_39' title="bbox 286 2982 313 2991; baseline 0 0"><span class='ocrx_word' id='word_1_354' title='bbox 286 2982 313 2991; x_wconf 76' lang='lat'>.-</span> 
     </span>
    </p>
   </div>
  </div>
 </body>
</html>
