2046 3112
222 141 246 171 2
638 123 717 171 M.
762 123 988 172 TVLLI
1031 123 1438 173 CICERONIS
1769 122 1817 191 [Ι
1848 141 1872 172 2

218 226 385 276 salutis
413 243 566 289 meae,
601 244 739 277 reum
778 227 871 276 sibi
910 229 1045 276 hunc
1081 227 1395 291 potissimum
1432 229 1685 294 delegisse,
1725 248 1875 294 quam

216 308 537 356 metuendum
572 323 636 356 ne
666 306 805 356 vobis
837 307 888 356 id
923 307 1004 356 ille
1028 324 1207 371 magna
1228 308 1416 358 ratione
1439 311 1614 360 fecisse
1636 310 1872 361 videatur.

163 390 193 437 3
217 403 516 450 quamquam
548 385 669 434 mihi
703 403 805 435 non
840 395 982 436 sumo
1014 396 1208 436 tantum
1236 404 1399 450 neque
1431 390 1633 452 adrogo,
1669 390 1871 447 iudices

214 477 269 516 ut
306 469 396 517 Cn.
440 467 695 521 Plancium
737 466 836 515 suis
874 483 987 530 erga
1027 483 1108 516 me
1155 466 1337 516 meritis
1378 467 1722 531 impunitatem
1762 486 1877 519 con-

217 556 442 596 secutum
495 556 676 609 putem.
754 546 848 594 nisi
900 546 1005 595 eius
1057 546 1420 609 integerrimam
1471 548 1635 610 vitam,
1683 551 1876 599 modes-
1922 571 1940 601 s

213 627 426 676 tissimos
471 643 647 686 mores,
697 643 941 675 summam
993 627 1158 687 fidem,
1207 626 1576 689 continentiam,
1623 628 1872 692 pietatem,

212 706 544 755 innocentiam
569 707 846 767 ostendero,
874 705 995 754 nihil
1019 707 1083 756 de
1105 723 1269 770 poena
1291 710 1530 757 recusabo
1555 725 1567 757 ε
1602 708 1678 758 sin
1709 709 1876 758 omnia

211 787 512 857 praestitero,
562 803 689 849 quae
730 797 844 836 sunt
882 804 914 835 a
957 787 1102 837 bonis
1145 788 1257 838 viris
1296 792 1643 852 exspectanda,
1690 801 1871 855 petam,

209 868 411 927 iudices,
445 883 475 915 a
506 866 663 927 vobis,
699 877 767 927 ut,
801 867 938 917 cuius
963 868 1298 939 misericordia
1329 872 1459 920 salu's
1490 888 1604 920 mea
1627 873 1874 923 custodita

212 949 286 1007 sit,
321 948 366 997 ei
399 965 488 998 vos
516 957 729 998 vestram
761 937 1270 999 misericofii‘iarfi‘ffie
1299 952 1599 1030 deprecante
1633 953 1869 1003 tribuatis.
1900 979 1939 1001 ιο

211 1028 444 1090 equidem
481 1030 547 1078 ad
585 1029 801 1092 reliquos
841 1031 1048 1088 labores,
1094 1047 1220 1093 quos
1251 1030 1303 1079 in
1342 1028 1627 1082 haccffu‘sa
1664 1033 1874 1084 maiores

210 1108 425 1171 suscipio
462 1125 612 1172 quam
649 1108 702 1156 in
739 1107 924 1168 ceteris,
974 1108 1122 1157 etiam
1163 1110 1292 1158 hanc
1327 1110 1607 1160 molestiam
1645 1112 1871 1172 adsumo,

210 1189 346 1250 quod
372 1188 493 1236 mihi
527 1204 630 1237 non
663 1189 823 1238 solum
852 1204 942 1251 pro
971 1189 1064 1238 Cn.
1093 1189 1296 1238 Plancio
1324 1190 1595 1239 dicendum
1621 1200 1708 1252 est,
1734 1191 1873 1240 cuius

209 1283 303 1331 ego
348 1269 554 1317 salutem
594 1284 696 1316 non
737 1284 878 1316 secus
915 1284 975 1316 ac
1011 1284 1173 1316 meam
1213 1269 1338 1318 tueri
1378 1271 1555 1330 debeo,
1594 1272 1685 1320 sed
1724 1270 1873 1320 etiam

209 1364 299 1411 pro
332 1363 413 1396 me
447 1347 569 1410 ipso,
607 1347 670 1396 de
701 1364 801 1410 quo
833 1356 1142 1397 accusatores
1172 1350 1313 1412 plura
1342 1366 1500 1413 paene
1536 1367 1684 1414 quam
1719 1352 1785 1401 de
1821 1368 1873 1402 re
1898 1378 1935 1408 15

154 1434 393 1490 4re0que
431 1427 669 1476 dixerunt.
677 1406 745 1506 a!
750 1429 804 1475 II
848 1444 1164 1490 quamquam,
1206 1427 1411 1490 iudices,
1453 1430 1494 1479 si
1534 1431 1653 1494 quid
1700 1442 1773 1482 est
1819 1431 1871 1482 in

208 1524 290 1556 me
321 1507 429 1570 ipso
460 1507 528 1556 ita
558 1508 920 1570 reprehensum,
956 1517 1011 1556 ut
1044 1507 1098 1557 id
1128 1509 1192 1557 ab
1223 1510 1321 1558 hoc
1351 1510 1628 1560 seiunctum
1660 1511 1735 1572 sit,
1767 1529 1871 1562 non

209 1603 290 1635 me
324 1587 376 1636 id
410 1603 590 1650 magno
626 1603 774 1650 opere
810 1588 1070 1637 conturbat
1088 1605 1103 1648 3
1143 1604 1244 1638 non
1284 1589 1415 1638 enim
1451 1589 1604 1640 timeo
1638 1608 1715 1654 ne,
1756 1594 1873 1657 quia

207 1684 403 1730 perraro
434 1668 557 1731 grati
586 1667 812 1717 homines
843 1668 1157 1732 reperiantur,
1183 1669 1383 1731 idcirco,
1416 1687 1531 1719 cum
1559 1689 1640 1721 me
1664 1674 1868 1723 nimium

207 1758 399 1811 gratum
438 1749 508 1798 illi
554 1766 661 1799 esse
708 1750 891 1810 dicant,
933 1750 985 1798 id
1031 1750 1152 1798 mihi
1189 1751 1510 1800 criminosum
1550 1769 1658 1802 esse
1700 1754 1869 1818 possit.
1892 1779 1934 1800 20

207 1844 335 1890 quae
365 1845 482 1878 vero
510 1828 578 1878 ita
603 1838 714 1878 sunt
740 1829 920 1893 agitata
944 1831 1007 1878 ab
1031 1830 1140 1891 illis,
1167 1839 1220 1878 ut
1249 1840 1333 1879 aut
1364 1831 1537 1880 merita
1559 1834 1653 1882 Cn.
1681 1833 1870 1884 Plancii

207 1925 321 1973 erga
365 1926 446 1959 me
490 1909 681 1958 minora
720 1927 828 1960 esse
873 1911 1095 1960 dicerent
1135 1928 1285 1974 quam
1331 1929 1362 1960 a
1407 1929 1487 1961 me
1533 1912 1642 1976 ipso
1681 1913 1871 1977 praedi·

206 2000 443 2052 carentur,
462 2002 546 2040 aut
572 1992 611 2040 si
635 2002 800 2041 essent
825 2009 1032 2053 summa,
1057 2002 1294 2055 negarent
1319 2010 1377 2042 ea
1401 2003 1568 2043 tamen
1591 1994 1660 2044 ita
1683 1995 1863 2059 magni,

205 2083 260 2122 ut
283 2074 379 2137 ego'
407 2083 644 2137 putarem,
679 2075 913 2138 ponderis
948 2076 1081 2138 apud
1115 2092 1203 2124 vos
1235 2092 1343 2125 esse
1375 2076 1571 2136 debere,
1601 2077 1724 2126 haec
1747 2077 1868 2126 mihi

205 2165 318 2204 sunt
352 2157 620 2215 tractanda,
657 2155 859 2216 iudices,
894 2166 942 2206 et
970 2157 1179 2218 modice,
1215 2174 1280 2206 ne
1311 2157 1432 2221 quid
1460 2157 1566 2221 ipse
1597 2160 1864 2220 offendam,
1888 2184 1927 2214 25

203 2243 255 2283 et
287 2243 393 2284 tum
428 2235 658 2297 denique,
697 2251 811 2283 cum
845 2238 1147 2299 respondero
1182 2236 1480 2298 criminibus,
1517 2254 1581 2287 ne
1620 2254 1720 2287 non
1762 2248 1866 2287 tam

202 2314 486 2365 innocentia
518 2333 629 2365 reus
661 2333 748 2365 sua
779 2332 928 2379 quam
957 2316 1300 2366 recordatione
1332 2333 1556 2367 meorum
1585 2327 1865 2382 temporum

202 2396 433 2445 defensus
457 2413 563 2446 esse
585 2397 820 2447 videatur.
829 2386 881 2473 s

303 2477 402 2525 Sed
447 2476 568 2526 mihi
612 2477 665 2526 in
709 2494 859 2526 causa
902 2477 1033 2527 facili
1073 2487 1225 2541 atque
1263 2479 1507 2542 explicata
1550 2479 1860 2542 perdifficiliS,

202 2556 402 2617 iudiceS,
450 2567 501 2607 et
545 2557 733 2607 lubrica
778 2558 1078 2608 defensionis
1120 2559 1242 2608 ratio
1282 2560 1587 2623 proponitur.
1665 2577 1782 2609 nam
1823 2561 1863 2610 si
1883 2588 1926 2619 30

204 2645 395 2683 tantum
426 2638 579 2685 modo
607 2636 728 2685 mihi
759 2653 962 2686 necesse
990 2647 1119 2686 esset
1143 2647 1315 2687 contra
1342 2641 1658 2688 Laterensem
1681 2639 1860 2700 dicere,

203 2722 367 2762 tamen
391 2714 444 2763 id
474 2715 634 2778 ipsum
664 2725 794 2765 esset
825 2716 876 2765 in
911 2725 1050 2766 tanto
1080 2733 1171 2765 usu
1195 2726 1364 2766 nostro
1388 2726 1622 2780 tantaque
1645 2717 1862 2768 amicitia

201 2794 477 2843 molestum.
560 2804 702 2847 vetus
738 2805 812 2847 est
852 2784 986 2846 enim
1031 2798 1110 2847 lex
1150 2796 1234 2847 illa
1271 2798 1429 2847 iustae
1463 2813 1707 2861 veraeque
1741 2798 1860 2848 ami-
