2046 3112
249 134 314 182 86
740 132 891 182 PRO
942 132 1051 181 CIV.
1087 131 1423 183 PLANCIO
1566 131 1694 200 [XII
1732 133 1913 197 §29—

328 241 360 277 1.
382 241 445 277 24.
505 240 754 278 domesticis
780 240 934 277 inusta
963 239 1084 277 notis
1111 236 1334 287 veritatis]
1362 237 1412 278 cf.
1435 238 1561 291 Verg.
1584 240 1737 291 Georg.
1761 250 1816 279 m
1843 253 1858 278 ῐ
1866 239 1918 290 58

251 298 368 331 notas
410 297 449 331 et
493 294 662 331 nomina
703 293 839 344 gentis
885 292 1122 340 inurunt,
1176 293 1297 331 Lucr.
1337 302 1385 331 Vi
1427 304 1505 342 2¹9
1552 293 1720 332 inusta
1758 295 1920 344 vaporis

250 346 383 397 signa.
444 346 622 385 Inurere
654 347 688 385 is
719 345 878 397 usually
906 345 1034 384 found
1063 345 1106 383 in
1134 358 1159 384 a
1188 346 1270 384 bad
1302 359 1419 385 sense
1454 350 1523 385 ‘to
1553 347 1707 386 brand'
1739 347 1811 387 i.e.
1849 349 1918 386 ‘to

251 399 508 451 stigmatize,’
530 413 574 438 as
600 413 657 438 or.
685 399 727 438 in
755 400 849 439 Cat.
880 409 893 438 1
915 400 936 446 §
962 411 1006 449 ¹3
1032 412 1135 451 quae
1158 405 1252 437 nota
1278 399 1506 439 domesticae
1529 401 1807 452 tmpitudinis
1835 415 1919 439 non

252 453 417 492 inusta
448 454 556 492 vitae
585 459 680 492 tuae
708 453 808 500 est?‚
837 466 897 492 or.
931 465 1009 505 pro
1042 452 1208 492 Cluent.
1241 454 1264 501 ἓ
1294 465 1370 505 129
1403 454 1441 493 is
1468 455 1670 494 censoriae
1695 455 1921 494 severitatis

252 512 349 546 nota
369 519 452 545 non
473 507 745 547 inuretur?
1446 526 1450 529 ·

331 605 477 642 facilis
513 606 583 642 est
617 605 698 641 ina
734 604 976 642 occursatio
1004 605 1051 642 et
1077 604 1298 642 blanditia
1320 603 1564 652 popularis]
1599 603 1626 643 i.
1639 617 1674 644 e.
1710 604 1830 644 facile
1858 610 1919 644 est

252 658 409 709 populo
445 669 658 696 occursare
695 662 736 695 et
772 656 995 695 blanditias
1031 656 1168 695 dicere
1206 657 1354 707 quibus
1392 657 1574 696 savorem
1604 658 1690 697 eius
1719 659 1794 697 tibi
1823 671 1919 698 con·

255 711 381 756 cilies,
413 711 509 750 licet
542 711 632 762 quis
663 722 760 748 vera
791 710 941 749 virtute
970 723 1054 748 non
1086 710 1138 749 sit
1166 711 1388 761 praeditus.
1434 721 1491 749 W.
1550 713 1766 750 occursatio
1794 712 1829 751 is
1857 712 1915 751 lit.

257 770 266 786 ‘
281 765 467 816 frequent
487 764 668 815 meeting
693 763 735 803 in
761 763 831 803 the
850 762 1023 803 streets.’
1079 763 1324 804 Translate:
1360 765 1499 803 ‘those
1524 764 1699 817 friendly
1718 767 1922 805 advances

255 819 335 857 and
357 826 442 857 acts
462 818 508 856 os
529 818 819 868 compliments
844 818 924 856 and
953 822 1140 869 courtesy
1165 824 1209 856 to
1232 818 1303 856 the
1329 819 1477 870 people
1497 818 1596 857 with
1617 819 1751 858 which
1771 833 1833 858 we
1853 833 1921 858 are

256 872 431 911 familiar
452 870 557 923 (illa)
579 884 647 910 are
668 870 794 922 easy.'
843 871 905 911 Cf.
931 884 989 910 or.
1012 884 1052 923 p.
1073 871 1163 911 Mil.
1184 873 1243 924 §9
1249 883 1269 921 5
1289 878 1454 910 senatus
1471 879 1624 911 vestras
1641 878 1678 911 et
1693 879 1922 912 vestrorum

255 926 447 965 ordinum
477 926 721 964 occursati
726 939 836 964 ones
864 926 1002 972 studia
1026 938 1224 963 sermones
1244 939 1371 964 secum
1398 940 1437 965 se
1460 926 1695 964 ablaturum
1715 928 1821 966 dicit.
1881 927 1920 966 It

255 979 290 1018 is
323 980 494 1018 difficult
527 986 570 1018 to
601 979 717 1018 resist
746 979 946 1030 adopting
978 979 1078 1018 with
1110 978 1263 1031 K‘dpke
1289 980 1378 1018 -and
1413 979 1699 1020 Hirschfelder
1731 979 1923 1033 Campe's

256 1033 428 1085 reading
433 1033 582 1084 fallax
600 1033 642 1071 in
662 1033 743 1072 lieu
763 1033 970 1085 offacz'lz's.
1587 1034 1591 1038 ”

336 1129 365 1167 1.
391 1131 454 1166 25.
511 1128 743 1176 aspicitur]
795 1128 849 1167 ‘it
886 1134 1016 1168 meets
1058 1128 1129 1168 the
1167 1126 1273 1181 eye.'
1337 1130 1711 1170 attrectatu-:in
1754 1142 1923 1171 manus

256 1181 484 1228 sumitur,
515 1182 741 1221 manibus
770 1182 965 1224 teritur.
1039 1183 1165 1222 ‘Ideo
1185 1196 1269 1222 non
1289 1183 1326 1223 ei
1347 1185 1468 1224 valde
1489 1184 1700 1225 creditur.’

336 1277 368 1313 1.
390 1278 452 1313 26.
510 1275 749 1324 excutitur]
772 1275 830 1314 ‘is
851 1273 1099 1323 examined,’
1117 1279 1126 1296 ‘
1142 1275 1384 1327 inspected‚’
1398 1277 1615 1328 metaphor
1634 1277 1739 1316 from
1759 1277 1925 1330 turning

257 1341 283 1367 a
313 1327 515 1380 (garment
538 1327 601 1380 or)
629 1330 711 1380 bag
736 1330 868 1368 inside
895 1335 982 1377 out,
1011 1330 1084 1368 Gr.
1106 1330 1281 1368 ἐκσείειν.
1339 1331 1405 1370 Cf.
1427 1331 1548 1370 Tusc.
1576 1342 1591 1370 1
1612 1333 1633 1379 ἓ
1653 1332 1704 1371 88
1725 1333 1837 1371 illud
1855 1346 1925 1370 ex-

258 1383 540 1421 cutiendum
574 1388 642 1427 est,
674 1389 723 1427 ut
748 1384 906 1422 sciatur
931 1383 1038 1434 quid
1062 1383 1116 1421 sit
1141 1396 1276 1422 carere
1284 1399 1301 1429 ;
1338 1398 1396 1424 or.
1428 1398 1504 1436 pro
1535 1386 1642 1424 Mur.
1671 1387 1693 1433 ἓ
1719 1385 1771 1425 26
1791 1392 1926 1436 postea

259 1436 306 1475 in
332 1437 525 1475 manibus
551 1436 698 1475 iactata
726 1442 765 1476 et
787 1451 983 1476 excussa
1010 1437 1264 1476 inanissima
1283 1439 1533 1489 prudentiae
1558 1446 1708 1490 reperta
1734 1445 1846 1487 sunt,
1874 1440 1927 1479 de

260 1490 329 1530 off.
354 1500 411 1529 111
432 1492 453 1538 ἓ
474 1492 521 1530 81
540 1503 581 1536 n,
604 1491 737 1530 Plaut.
758 1491 858 1530 Aul.
879 1500 929 1531 IV
950 1507 988 1542 4,
1017 1504 1065 1545 19
1086 1490 1196 1543 (638)
1218 1493 1404 1543 agedum,
1425 1494 1660 1532 excutedum
1671 1494 1870 1545 pallium.

340 1601 468 1648 gae,
497 1603 527 1639 1.
549 1605 608 1641 2⁷.
666 1604 763 1640 tam
791 1604 986 1640 externis
1016 1612 1149 1649 quam
1182 1603 1449 1652 domesticis]
1484 1607 1494 1625 ‘
1509 1616 1554 1642 as
1585 1603 1680 1643 well
1711 1603 1754 1642 in
1786 1602 1927 1655 public

260 1666 305 1693 as
330 1653 373 1693 in
404 1655 560 1705 private
585 1654 683 1700 life,’
702 1656 923 1707 according
948 1662 992 1695 to
1011 1657 1212 1704 Wunder,
1243 1658 1317 1696 but
1340 1657 1560 1708 according
1583 1663 1626 1696 to
1651 1657 1788 1696 others
1813 1661 1822 1678 ‘
1837 1664 1925 1696 out-

260 1708 416 1759 wardly
442 1709 524 1747 and
554 1708 782 1759 inwardly,’
813 1709 838 1749 i.
854 1723 891 1749 e.
926 1723 970 1748 as
1001 1710 1096 1749 well
1126 1711 1168 1749 in
1199 1711 1386 1750 outward
1416 1712 1606 1762 qualities
1639 1711 1774 1750 which
1805 1711 1928 1749 make

261 1775 286 1800 a
305 1775 401 1800 man
420 1762 607 1813 popular,
632 1763 789 1814 though
809 1770 882 1803 not
902 1764 1148 1817 necessarily
1163 1778 1215 1803 an
1235 1765 1430 1805 evidence
1450 1765 1498 1804 of
1511 1765 1696 1805 intrinsic
1717 1765 1860 1814 worth,
1883 1777 1928 1803 as

261 1815 305 1854 in
325 1815 440 1855 those
460 1816 507 1855 of
519 1830 544 1855 a
563 1816 710 1868 higher
728 1817 810 1855 and
830 1830 943 1856 more
962 1819 1133 1872 sterling
1151 1818 1267 1858 kind.

339 1912 373 1949 1.
394 1914 456 1949 28.
512 1913 764 1951 inferiorem
797 1922 929 1960 quam
956 1913 1019 1963 te]
1045 1913 1243 1953 “inferior
1268 1920 1312 1953 to
1336 1911 1447 1965 you!
1503 1914 1570 1954 Cs.
1596 1914 1650 1953 de
1674 1914 1743 1954 off.
1771 1916 1829 1963 1§
1853 1913 1928 1955 116

262 1978 354 2004 cum
392 1964 487 2003 belli
516 1965 638 2004 laude
673 1979 755 2004 non
794 1966 1008 2016 inferior
1035 1968 1189 2019 fuisset
1223 1982 1363 2019 quam
1393 1974 1525 2019 pater,
1567 1969 1679 2007 Brut.
1711 1971 1733 2016 ἓ
1769 1979 1840 2019 155
1879 1982 1932 2007 ne

262 2032 344 2070 qua
383 2019 430 2056 in
468 2031 512 2058 re
554 2019 774 2070 inferior
816 2026 911 2058 esset
955 2035 1097 2072 quam
1140 2027 1269 2073 pater,
1308 2023 1330 2069 ἓ
1372 2035 1446 2073 179
1485 2022 1532 2061 in
1570 2022 1662 2061 iure
1694 2023 1809 2061 civili
1843 2036 1927 2061 non

265 2072 481 2124 inferior
507 2086 649 2123 quam
682 2074 884 2121 magister,
917 2088 982 2126 ep.
1004 2076 1056 2114 ad
1081 2075 1160 2126 Qu.
1181 2076 1230 2114 sr.
1253 2086 1268 2114 1
1293 2086 1314 2123 3
1338 2077 1358 2123 ἓ
1385 2087 1404 2125 7
1430 2077 1571 2125 gratia
1603 2089 1685 2114 non
1717 2075 1932 2127 inferior

261 2139 403 2178 quam
429 2126 505 2177 qui
527 2140 724 2177 umquam
736 2128 924 2177 fuerunt
947 2129 1206 2180 amplissimi,
1233 2143 1289 2168 or.
1314 2143 1354 2181 p.
1377 2130 1510 2168 Balbo
1535 2131 1556 2176 ,8
1582 2142 1632 2179 42
1658 2130 1833 2182 infimus
1855 2143 1931 2169 esse

263 2193 386 2219 suum
401 2181 546 2230 foedus
570 2194 694 2231 quam
718 2187 948 2220 ceterorum.
1004 2187 1179 2230 generis
1205 2187 1250 2222 et
1274 2184 1480 2232 nominis]
1509 2184 1709 2235 genitives
1732 2184 1779 2223 of
1800 2185 1930 2223 closer

264 2232 542 2285 specification
569 2247 615 2272 or
641 2234 886 2286 descriptive
914 2238 1127 2287 genitives,
1155 2238 1389 2289 dependent
1417 2251 1528 2289 upon
1555 2238 1682 2282 rebus,
1713 2238 1764 2276 cf.
1792 2251 1849 2278 or.
1881 2251 1922 2290 p.

266 2288 371 2327 Sull.
402 2289 424 2335 ἓ
456 2300 502 2327 21
536 2288 646 2339 quod
671 2290 832 2327 tandem
864 2294 1064 2340 regnum.²
1094 2292 1396 2338 consulatus,
1434 2292 1557 2338 credo,
1593 2292 1684 2339 mei,
1722 2292 1845 2330 Tusc..
1879 2301 1928 2330 1v

265 2344 286 2390 ἓ
306 2343 355 2381 82
383 2341 430 2379 in
456 2341 600 2392 aliqua
619 2343 928 2392 perturbatione
950 2351 1027 2383 aut
1051 2350 1181 2384 metus
1204 2350 1279 2383 aut
1298 2345 1479 2384 laetitiae
1496 2351 1572 2383 aut
1588 2345 1826 2396 cupiditatis
1844 2345 1927 2384 and

266 2408 332 2434 see
356 2395 500 2434 Madv.
530 2395 601 2434 Gr.
633 2394 767 2443 §286,
796 2397 947 2448 Zumpt
975 2399 1046 2437 Gr.
1068 2400 1089 2446 ἓ
1109 2410 1201 2449 425,
1231 2399 1369 2439 Kenn.
1407 2398 1478 2438 Gr.
1513 2413 1552 2450 p.
1575 2411 1667 2449 413,
1701 2412 1766 2450 cp.
1796 2399 1931 2439 above

266 2450 288 2496 ξ
310 2461 374 2493 21,
395 2449 482 2488 also
501 2461 570 2499 my
590 2462 629 2487 n.
652 2462 707 2488 on
727 2450 779 2489 de
798 2450 865 2489 off.
893 2460 907 2489 1
929 2453 951 2499 §
978 2463 988 2489 ι
999 2464 1063 2502 52.
1121 2454 1337 2492 Translate
1363 2452 1551 2491 ‘inferior
1576 2460 1619 2491 to
1640 2466 1719 2503 you
1746 2452 1789 2491 in
1815 2465 1930 2492 some

266 2503 501 2553 points,——I
535 2515 669 2550 mean,
702 2504 818 2543 those
846 2502 893 2542 of
924 2517 1016 2544 race
1046 2507 1127 2545 and
1161 2505 1311 2545 name.'
1368 2506 1599 2545 Laterensis
1630 2519 1713 2544 was
1746 2507 1931 2557 superior

267 2563 310 2595 to
340 2556 530 2595 Plancius
552 2570 728 2607 genere
752 2558 816 2596 ‘in
835 2558 1194 2603 birth‚'ancestors
1210 2560 1257 2598 of
1270 2573 1403 2608 name,
1419 2561 1590 2598 because
1608 2559 1671 2598 his
1690 2559 1832 2610 family
1846 2560 1928 2599 had

266 2610 349 2649 had
371 2610 440 2649 the
461 2610 527 2648 ius
545 2610 779 2661 imaginum
800 2611 863 2650 for
881 2625 995 2651 some
1016 2614 1288 2664 generations,
1307 2614 1388 2652 and
1408 2614 1495 2652 also
1515 2614 1680 2652 nomine
1697 2614 1758 2652 ‘in
1785 2614 1929 2652 distin-

267 2663 441 2713 guished
470 2662 621 2710 name,’
653 2663 875 2713 ‘renown‚’
901 2666 1076 2706 because
1105 2668 1207 2706 both
1239 2668 1302 2706 his
1332 2667 1499 2706 father's
1527 2668 1608 2705 and
1641 2667 1704 2705 his
1734 2666 1930 2706 mother's

267 2717 409 2767 family
428 2730 534 2756 were
554 2718 601 2756 of
614 2718 802 2757 consular
821 2720 946 2759 rank:
975 2721 1027 2760 cf.
1049 2734 1108 2760 or.
1130 2721 1170 2759 in
1188 2721 1302 2761 Verr.
1327 2731 1374 2759 iv
1390 2722 1412 2768 ἓ
1431 2721 1478 2759 81
1502 2721 1682 2770 cognatio
1698 2721 1930 2760 studiorum

268 2776 306 2809 et
329 2771 488 2808 artium
517 2783 600 2809 non
626 2771 766 2810 minus
794 2773 1008 2812 coniuncta
1037 2788 1163 2826 quam
1194 2775 1274 2813 ista
1298 2776 1494 2824 generis
1521 2780 1557 2812 et
1582 2775 1770 2822 nomim's,
1799 2775 1930 2813 above

266 2825 291 2872 §
323 2824 372 2862 18
402 2824 428 2863 1.
463 2836 489 2876 9
525 2830 582 2864 est
606 2830 729 2865 tuum
762 2839 932 2867 nomen
968 2833 1141 2880 utraque
1161 2828 1346 2882 familia
1374 2829 1596 2868 consulare.
1654 2827 1720 2868 Cf.
1757 2828 1811 2868 de
1841 2841 1929 2880 rep.
