2046 3112
103 93 222 141 xm
260 91 282 155 ξ
310 90 392 157 97]
602 99 604 102 >
814 91 1068 142 NOTES
1672 108 1759 154 κη

120 231 122 235 ,
183 207 207 236 e
234 206 313 235 suo
341 199 568 243 complexu
593 198 647 235 ut
674 196 883 246 eriperer]
923 196 972 236 cf.
1007 210 1068 236 or.
1097 210 1137 249 p.
1174 196 1334 245 Sest.‘§
1362 207 1411 247 53
1440 209 1533 236 cum
1562 209 1628 247 ego
1661 209 1722 235 me
1747 210 1767 235 e

101 250 354 301 complexu
376 249 542 300 patriae
564 256 844 302 conspectuque
865 256 993 290 vestro
1020 251 1327 302 eripuissem,
1361 264 1419 290 or.
1454 264 1494 303 p.
1529 250 1645 290 Cael.
1675 253 1764 305 §59

101 317 194 343 cum
219 305 266 354 Q.
288 305 480 343 Metellus
507 304 811 343 abstraheretur
827 318 847 343 e
865 305 962 343 sinu
977 306 1208 358 gremioque
1218 306 1394 357 patriae.

180 387 310 424 facile
337 384 584 434 pateretur]
614 383 704 433 §62
726 385 753 424 1.
778 398 841 436 31,
865 386 886 433 ἓ
907 383 958 434 63
979 385 1006 425 1.
1032 397 1069 437 5.

179 471 210 508 1.
235 473 296 508 29.
356 468 523 518 hortos]
553 482 594 509 n.
618 475 661 508 to
681 469 733 509 de
751 468 821 508 off.
844 478 900 508 111
920 470 941 516 g
963 469 1059 519 581.
1085 480 1125 510 2.

180 553 234 590 M.
255 553 403 590 Laeuii
415 550 571 600 Flacci]
600 551 659 592 M.
682 551 897 591 Laenius
923 551 1130 591 Flaccus
1150 564 1234 590 was
1253 563 1278 590 a
1297 550 1427 590 friend
1443 550 1665 591 ofAtticus
1680 550 1759 603 (ep.

102 604 155 644 ad
172 605 259 644 Att.
281 615 310 644 v
330 618 392 652 20,
412 607 435 644 8
454 619 465 652 ;
491 618 553 653 21,
575 605 628 655 4).
683 605 734 644 In
754 605 824 645 the
842 605 995 657 speech
1015 619 1090 658 pro
1107 606 1243 645 Sestio
1260 607 1281 654 ς
1302 617 1371 654 131
1397 604 1486 644 Cic.
1505 605 1626 657 again
1642 605 1766 645 refers

101 666 145 698 to
171 658 240 698 the
267 659 464 698 kindness
490 659 542 698 he
567 659 648 698 and
673 659 792 698 other
818 660 1023 698 members
1051 659 1100 698 of
1123 659 1187 698 his
1210 659 1352 710 family
1376 659 1459 699 had
1487 659 1631 698 shown
1660 658 1759 706 him,

99 726 194 751 cum
215 726 276 751 me
291 713 434 752 domus
451 714 585 752 eadem
605 713 853 764 optimorum
871 719 910 752 et
927 713 1245 752 doctissimorum
1266 713 1470 762 virorum,
1495 714 1561 752 spl-
1582 713 1770 753 Laeuii

101 767 270 806 Flacci
293 773 330 805 et
340 767 480 818 patris
497 772 536 806 et
550 767 713 818 fratris
730 767 830 814 eius,
855 767 1075 806 laetissima
1093 768 1298 818 exciperet,
1322 780 1426 818 quae
1440 767 1636 819 proximo
1652 780 1767 806 anno

101 834 284 860 maerens
302 826 493 872 receperat
509 826 549 860 et
564 834 636 859 suo
652 821 856 872 praesidio
872 821 1131 873 periculoque
1147 821 1407 872 deffenderat;
1431 821 1518 860 also
1538 821 1659 873 again
1679 821 1722 860 in
1741 835 1766 860 a

101 875 220 914 letter
239 881 283 914 to
302 875 365 914 his
385 875 526 926 family
549 875 615 923 (ad
636 874 732 913 fam.
749 884 835 914 xlv
849 890 888 926 4,
908 874 946 925 2)
964 888 1037 914 nos
1055 875 1286 914 Brundisii
1301 875 1417 926 apud
1437 876 1502 914 M.
1527 875 1765 914 Laenium

100 929 330 968 Flaccum
357 929 441 968 dies
459 938 550 968 X111
558 928 744 980 suimus,
760 929 902 968 virum
922 929 1135 981 optimum,
1156 930 1231 981 qui
1241 929 1476 980 periculum
1485 929 1765 980 fortunarum

98 987 139 1023 et
163 982 304 1034 capitis
330 983 402 1022 sui
419 989 526 1034 prae
553 996 641 1022 mea
668 983 799 1021 salute
821 983 1001 1034 neglexit
1027 996 1154 1034 neque
1175 983 1275 1035 legis
1301 983 1620 1034 improbissimae
1631 988 1766 1034 poena

98 1037 291 1076 deductus
316 1042 385 1085 est,
410 1050 487 1088 quo
513 1036 655 1074 minus
678 1037 848 1087 hospitii
870 1042 907 1075 et
928 1036 1138 1075 amicitiae
1157 1037 1223 1075 ius
1241 1037 1492 1088 officiumque
1510 1042 1766 1088 praestaret:

99 1091 201 1130 lzuic
231 1091 396 1130 utinam
429 1090 656 1142 aliquando
682 1091 866 1142 gratiam
898 1091 1051 1142 referre
1077 1091 1282 1142 possimus
1293 1090 1311 1130 l
1338 1090 1573 1130 habebimus
1605 1091 1765 1144 quidem

97 1151 263 1196 semper.

179 1228 211 1265 1.
234 1230 296 1266 30.
353 1228 496 1265 omnis
523 1226 684 1275 metus]
720 1228 861 1278 ‘every
880 1226 982 1266 kind
1002 1226 1051 1266 of
1071 1225 1185 1273 fear‚’
1204 1227 1378 1266 because
1399 1227 1448 1266 of
1468 1227 1538 1267 the
1570 1228 1654 1267 ‘lex
1674 1227 1762 1267 Clo-

97 1280 171 1319 dia
198 1293 304 1332 quae
331 1293 510 1332 poenam
538 1280 747 1332 irrogabat
773 1281 845 1328 eis,
882 1281 952 1333 qui
980 1281 1222 1320 Ciceronem
1252 1282 1412 1320 exulem
1450 1281 1557 1321 inter
1584 1295 1764 1329 400,ooo

98 1347 290 1385 passuum
313 1340 422 1374 tecto
442 1334 724 1386 excepissent.'
777 1334 1006 1374 Manutius
1026 1335 1079 1374 ad
1107 1348 1164 1375 or.
1190 1349 1234 1387 p.
1259 1336 1362 1375 Sest.
1384 1336 1405 1383 ἕ
1430 1348 1518 1385 131.
1575 1335 1764 1375 Wunder

98 1388 218 1428 reads
240 1387 342 1428 with
374 1394 458 1427 two
488 1398 571 1427 MSS
596 1402 731 1428 omnes
760 1395 901 1437 metus,
933 1388 1174 1440 comparing
1199 1402 1258 1428 or.
1287 1402 1330 1440 p.
1360 1389 1466 1428 Sest.
1491 1390 1512 1437 ξ
1541 1400 1588 1440 35
1611 1390 1680 1429 sed
1703 1403 1765 1428 me

96 1442 178 1482 alii
203 1447 361 1482 metus
387 1447 508 1495 atque
535 1443 645 1482 aliae
676 1456 798 1482 curae
827 1448 1089 1491 monuerunt,
1122 1443 1175 1482 de
1207 1443 1374 1496 harusp.
1406 1456 1514 1495 resp.
1545 1445 1567 1492 ἓ
1594 1455 1643 1495 55
1677 1444 1761 1483 iam

95 1495 233 1536 omnes
249 1496 333 1542 isti,
354 1497 430 1548 qui
437 1497 756 1548 portenduntur,
777 1502 937 1537 metus
953 1497 1273 1548 exstinguentur.

176 1577 512 1627 proponeretur]
540 1579 561 1626 ἓ
583 1589 604 1628 5
626 1578 652 1618 1.
676 1591 739 1629 30,
763 1581 784 1628 ξ
805 1580 856 1633 89
876 1578 904 1618 l.
927 1580 991 1619 28.

105 1669 108 1672 >
176 1655 207 1693 1.
232 1657 293 1693 32.
353 1653 592 1703 dimittere]
622 1655 715 1705 §94
741 1653 767 1693 1.
797 1665 861 1705 29.

176 1740 225 1776 Ρ.
250 1740 338 1781 40,
367 1739 398 1775 1.
419 1740 455 1776 2.
518 1737 772 1790 exaudiens]
816 1738 1052 1778 exaudire
1082 1738 1277 1791 signifies,
1310 1744 1397 1786 not,
1435 1753 1480 1779 as
1514 1740 1635 1792 Long
1667 1753 1760 1792 sup-

97 1791 232 1842 poses,
254 1794 324 1829 ‘to
342 1789 442 1830 hear
461 1791 581 1830 when
601 1791 715 1830 there
734 1793 767 1831 is
787 1792 857 1831 the
876 1793 1059 1832 obstacle
1079 1793 1124 1832 of
1149 1806 1270 1845 space
1290 1806 1336 1832 or
1359 1794 1592 1845 something
1617 1795 1700 1833 else
1718 1795 1760 1833 in

98 1845 169 1884 the
191 1842 315 1895 way‚'
334 1844 407 1883 but
441 1847 508 1884 ‘to
537 1845 636 1884 hear
663 1845 900 1898 distinctly,'
927 1847 1030 1885 with
1058 1847 1262 1899 complete
1290 1848 1593 1899 apprehension
1621 1848 1666 1887 of
1691 1848 1761 1887 the

98 1899 234 1938 words
247 1899 483 1949 employed,
503 1899 690 1938 whether
706 1900 777 1939 the
797 1899 971 1951 speaker
990 1901 1043 1940 be
1058 1901 1117 1940 sar
1132 1900 1195 1940 off
1208 1914 1255 1940 or
1273 1915 1383 1949 near,
1405 1915 1438 1940 e.
1453 1915 1491 1953 g.
1513 1902 1652 1954 ep.ad
1669 1902 1759 1942 Att.

28 1956 33 1960 ’
99 1963 148 1992 IV
169 1954 205 2000 8,
230 1951 256 1992 6
274 1953 350 1998 dic,
370 1966 437 1991 oro
461 1958 509 2001 te,
533 1954 670 1992 clarus
681 1967 700 2001 ,·
728 1955 802 1992 ὀἰχ
827 1954 939 1993 enim
960 1955 1066 1994 milii
1090 1955 1356 1994 exaudisse
1378 1956 1528 2003 videor,
1570 1956 1622 1995 de
1649 1956 1755 2008 legg.

104 2021 119 2046 1
152 2008 174 2054 ξ
195 2019 241 2045 21
273 2006 422 2046 etenim
451 2013 619 2058 propter
644 2008 756 2047 hunc
780 2014 1012 2047 concentum
1037 2009 1185 2047 avium
1209 2010 1499 2061 strepitumque
1518 2010 1761 2062 fluminum

98 2073 182 2100 non
218 2073 358 2099 vereor
382 2061 748 2112 condiscipulorum
777 2075 828 2100 ne
857 2062 953 2113 quis
983 2063 1238 2110 exaudiat,
1273 2063 1345 2104 i.e.
1380 2076 1440 2102 ne
1466 2063 1577 2115 quis
1611 2065 1761 2116 plane

99 2114 357 2167 percipiat
386 2127 460 2154 me
488 2115 582 2154 hoc
611 2116 941 2164 concessisse,
975 2129 1033 2156 or.
1065 2130 1106 2168 p.
1133 2117 1236 2157 Sull.
1258 2118 1278 2164 ἓ
1299 2128 1361 2167 33,
1387 2118 1573 2156 maxima
1599 2131 1689 2157 voce
1714 2124 1764 2157 ut

97 2181 232 2209 omnes
258 2169 503 2208 exaudire
520 2169 733 2220 possint,
758 2170 815 2208 ib.
836 2172 857 2215 §
879 2183 929 2221 34
949 2176 999 2208 ut
1015 2170 1119 2210 idem
1138 2184 1274 2210 omnes
1297 2172 1598 2217 exaudiant,
1618 2172 1759 2211 claris-

97 2222 206 2262 sima
223 2235 312 2262 voce
327 2223 474 2270 dicam,
496 2223 632 2262 where
653 2237 719 2263 see
742 2222 907 2263 Halm’s
926 2230 1035 2271 note,
1061 2238 1120 2263 or.
1142 2237 1183 2276 p.
1207 2225 1344 2276 Ligar.
1367 2227 1388 2273 ἓ
1409 2224 1434 2265 6
1452 2231 1656 2277 quantum
1676 2240 1764 2265 voce

90 2282 230 2328 potero
260 2277 507 2324 contendam,
536 2282 585 2315 ut
612 2278 682 2316 hoc
703 2279 882 2328 populus
908 2279 1122 2317 Romanus
1148 2279 1411 2327 exaudiat,
1444 2293 1503 2319 or.
1533 2293 1575 2332 p.
1606 2280 1699 2318 Mil.
1726 2286 1762 2319 te

97 2331 252 2383 appello
270 2336 307 2369 et
323 2344 367 2369 ea
386 2344 472 2369 voce
491 2336 539 2369 ut
557 2345 618 2370 me
645 2346 732 2370 exa
743 2333 810 2370 ud
813 2333 830 2371 z'
838 2345 889 2371 re
907 2333 1049 2383 possis.

178 2406 497 2452 Dyrrhachium
523 2407 674 2452 petere
702 2405 924 2454 contendi]
958 2406 1000 2445 ‘I
1020 2407 1141 2446 made
1159 2407 1215 2446 all
1234 2406 1351 2446 haste
1370 2411 1413 2446 to
1437 2406 1558 2446 reach
1579 2406 1759 2458 Dyrrha-

98 2457 266 2504 chium,'
294 2457 345 2497 cf.
376 2458 508 2497 above
537 2457 630 2509 §96
659 2458 685 2498 1.
719 2470 780 2508 22,
815 2459 942 2511 Verg.
976 2459 1083 2501 Aen.
1118 2470 1134 2499 1
1171 2470 1244 2512 157
1277 2474 1380 2512 quae
1407 2461 1606 2511 proxima
1641 2461 1761 2500 litora

98 2525 222 2552 cursu
258 2513 573 2551 contendunt
599 2518 780 2564 petere.
855 2513 1055 2553 Garatoni
1087 2513 1212 2554 refers
1245 2519 1288 2553 to
1318 2527 1342 2552 a
1378 2514 1498 2554 letter
1528 2515 1633 2553 from
1671 2515 1759 2554 Cic.

99 2572 144 2606 to
171 2566 237 2605 his
261 2565 404 2617 family
432 2566 503 2614 (ad
532 2566 630 2605 sam.
660 2576 742 2605 XIV
775 2580 789 2606 1
822 2568 886 2615 §7
917 2569 1267 2618 Dyrrachium
1299 2569 1405 2614 veni,
1437 2569 1546 2620 quod
1569 2573 1607 2607 et
1634 2569 1765 2608 libera·

99 2620 242 2659 civitas
258 2625 315 2659 est
333 2620 526 2672 (ideoque
545 2620 636 2671 lege
657 2620 805 2660 Clodia
825 2634 906 2660 non
927 2623 1101 2670 tenetur)
1121 2627 1157 2660 et
1175 2622 1222 2661 in
1243 2635 1305 2660 me
1320 2622 1489 2673 officiosa
1506 2627 1543 2661 et
1550 2629 1761 2673 proxuma

100 2673 263 2713 ltaliae.
319 2674 400 2713 Sed
411 2675 451 2712 si
467 2687 530 2713 me
551 2674 720 2726 offendet
746 2675 822 2714 loci
845 2675 1061 2721 celebritas,
1081 2676 1164 2715 alio
1187 2689 1248 2715 me
1270 2676 1475 2728 conseram
1487 2687 1507 2722 ‚¹
1533 2676 1615 2716 this
1640 2675 1761 2716 letter

99 2727 294 2768 however
312 2740 396 2766 was
415 2733 488 2767 not
509 2728 671 2767 written
691 2741 746 2767 on
765 2728 828 2767 his
848 2728 934 2768 first
953 2729 1046 2768 visit
1067 2736 1110 2768 to
1135 2729 1506 2781 Dyrrhachium
1529 2730 1602 2769 but
1623 2743 1677 2769 on
1695 2729 1760 2770 his

101 2787 239 2823 return
267 2781 434 2828 thither,
465 2781 576 2821 Nov.
609 2780 718 2831 26th,
753 2782 833 2822 and
863 2795 909 2822 so
937 2783 989 2823 he
1017 2783 1154 2823 writes
1181 2783 1302 2837 again
1331 2784 1387 2824 ib.
1408 2797 1474 2837 ep.
1497 2795 1519 2835 3
1539 2786 1601 2836 §4
1628 2797 1695 2836 ego
1720 2797 1760 2823 eo
