2046 3112
219 128 276 175 16
645 126 724 175 M.
767 127 992 175 TVLLI
1032 127 1441 179 CICERONIS
1647 126 1792 197 [XVI
1818 133 1882 194 38

213 234 366 283 tribus
393 231 622 284 edidisti?
677 233 977 295 Teretinam,
1004 236 1168 286 credo,
1240 235 1333 285 fuit
1360 245 1491 286 certe
1514 237 1568 287 id
1591 253 1808 302 aequum
1833 247 1884 288 et

211 324 342 366 certe
366 324 704 379 exspectatum
728 325 802 364 est
827 325 876 365 et
911 315 1001 365 fuit
1032 315 1239 380 dignum
1271 318 1551 367 constantia
1573 328 1672 369 tua.
1744 319 1884 370 cuius

211 407 265 447 tu
289 397 440 446 tribus
464 397 772 446 venditorem
796 406 846 446 et
869 407 1203 460 corruptorem
1229 407 1277 447 et
1301 407 1604 462 sequestrem
1627 400 1884 450 Plancium

209 478 359 527 fuisse
393 477 630 538 clamitas,
657 494 768 527 eam
803 478 985 527 tribum
1020 480 1258 541 profecto,
1296 479 1716 530 severissimorum
1750 499 1885 545 prae-

212 559 377 607 sertim
402 558 660 607 hominum
697 567 747 607 et
777 557 1187 620 gravissimorum,
1214 560 1363 609 edere
1397 561 1624 610 debuisti.
1696 572 1747 611 at
1769 564 1886 612 Vol·
1927 588 1948 619 5

211 637 406 689 tiniam:
443 639 563 688 libet
587 638 720 687 enim
744 639 834 688 tibi
857 639 1026 688 nescio
1051 640 1171 703 quid
1206 640 1354 689 etiam
1378 642 1441 691 de
1465 642 1548 691 illa
1579 644 1706 693 tribu
1730 644 1886 693 crimi-

210 718 347 767 nari:
384 719 513 767 hanc
536 718 680 781 igitur
704 717 864 781 ipsam
888 735 975 767 cur
997 736 1100 768 non
1124 719 1354 770 edidisti?
1400 722 1520 783 quid
1545 724 1747 773 Plancio
1770 741 1884 773 cum

212 799 483 848 Lemonia?
517 799 637 862 quid
661 815 774 847 cum
792 799 1094 850 Oufentina?
1128 800 1248 863 quid
1273 817 1387 850 cum
1405 804 1746 854 Clustumina?
1767 821 1883 854 nam

213 880 476 940 Maeciam,
525 896 629 928 non
677 897 807 943 quae
858 881 1111 942 iudicaret,
1162 884 1251 932 sed
1298 900 1427 947 quae
1470 884 1733 934 reiceretur
1776 902 1884 936 esse

125 966 187 1012 39
210 959 420 1009 voluisti.
491 959 727 1009 dubitatis
767 960 926 1023 igitur,
965 960 1167 1022 iudices,
1208 963 1330 1026 quin
1368 979 1457 1013 vos
1500 967 1584 1032 M·.
1607 966 1884 1016 Laterensis
1909 998 1950 1021 10

211 1057 302 1090 suo
332 1040 531 1101 iudicio,
557 1057 661 1090 non
685 1042 749 1090 ad
775 1042 1069 1091 sententiam
1093 1043 1229 1106 legis,
1265 1045 1353 1093 sed
1377 1046 1443 1094 ad
1467 1061 1608 1094 suam
1637 1063 1777 1109 spem
1802 1046 1886 1096 ali·

210 1140 357 1186 quam
402 1123 466 1172 de
503 1122 700 1172 civitate
740 1124 1014 1187 delegerit?
1062 1125 1296 1174 dubitatis
1346 1125 1466 1189 quin
1504 1144 1587 1176 eas
1628 1127 1795 1188 tribus,
1832 1128 1886 1177 in

212 1203 390 1266 quibus
420 1219 623 1266 magnas
658 1203 1050 1254 necessitudines
1083 1206 1235 1254 habet
1260 1206 1507 1267 Plancius,
1533 1224 1648 1255 cum
1675 1208 1756 1256 ille
1781 1224 1884 1263 non

211 1283 432 1344 ediderit,
465 1282 691 1332 iudicarit
726 1283 897 1333 officiis
932 1286 995 1334 ab
1030 1287 1126 1334 hoc
1159 1288 1455 1346 observatas,
1490 1304 1592 1337 non
1627 1289 1883 1351 largitione

211 1367 494 1428 corruptas?
550 1366 669 1428 quid
695 1365 826 1414 enim
851 1375 1016 1429 potest
1041 1367 1205 1416 dicere
1230 1385 1315 1417 cur
1337 1368 1430 1418 ista
1454 1369 1606 1418 editio
1630 1387 1731 1419 non
1757 1387 1884 1420 sum-
1909 1398 1949 1429 ¹5

210 1464 344 1496 mam
378 1448 559 1497 habeat
593 1448 927 1509 acerbitatem,
953 1458 1146 1499 remota
1179 1450 1369 1500 ratione
1403 1451 1501 1512 illa,
1534 1468 1683 1515 quam
1716 1451 1769 1501 in
1804 1453 1886 1516 de:

123 1529 188 1577 40
212 1527 461 1575 cernendo
504 1525 660 1575 secuti
701 1530 902 1576 sumus?
970 1537 1023 1577 tu
1061 1529 1247 1592 deligas
1289 1548 1350 1579 ex
1390 1531 1527 1580 omni
1572 1534 1760 1594 populo
1801 1541 1886 1581 aut

211 1608 397 1656 amicos
440 1616 551 1656 tuos
593 1617 676 1656 aut
706 1607 933 1658 inimicos
968 1626 1107 1659 meos
1144 1620 1228 1660 aut
1263 1611 1477 1675 denique
1513 1629 1612 1672 eos,
1652 1630 1776 1676 quos
1813 1613 1886 1662 in-

212 1688 485 1748 exorabilis,
513 1704 637 1751 quos
662 1687 972 1749 inhumanos,
998 1707 1122 1752 quos
1155 1692 1366 1741 crudelis
1395 1691 1672 1742 existimes?
1717 1702 1771 1742 tu
1802 1710 1886 1743 me

213 1768 396 1831 ignaro,
427 1784 521 1816 nec
556 1768 808 1831 opinante,
846 1769 1003 1818 inscio
1041 1780 1185 1820 notes
1220 1781 1270 1821 et
1303 1781 1416 1821 tuos
1453 1782 1502 1822 et
1535 1782 1731 1822 tuorum
1769 1773 1888 1822 ami·
1908 1807 1950 1829 20

213 1865 384 1899 corum
425 1846 742 1909 necessarios,
783 1850 862 1898 vel
895 1849 1091 1913 iniquos
1128 1853 1207 1900 vel
1242 1869 1381 1901 meos
1416 1854 1495 1901 vel
1540 1852 1688 1902 etiam
1720 1854 1886 1903 defen-

214 1946 379 1980 sorum
425 1945 665 1990 meorum,
716 1931 992 1992 eodemque
1039 1929 1292 1994 adiungaS,
1340 1948 1466 1995 quos
1511 1941 1685 1982 natura
1740 1943 1885 1997 putes

214 2026 414 2074 asperos
451 2018 599 2071 atque
637 2010 867 2058 omnibus
908 2009 1142 2073 iniquos?
1190 2012 1373 2061 deinde
1407 2014 1630 2063 effundas
1664 2025 1882 2078 repente,

215 2100 270 2140 ut
317 2101 434 2139 ante
475 2105 767 2138 consessum
812 2088 1036 2147 meorum
1083 2090 1305 2140 iudicum
1350 2091 1546 2142 videam
1593 2111 1743 2157 quam
1799 2113 1886 2159 po-

215 2170 390 2221 tuerim
415 2170 501 2232 qui
526 2179 690 2219 essent
713 2171 862 2219 futuri
885 2171 1134 2234 suspicari,
1160 2174 1294 2236 apud
1325 2189 1512 2236 eosque
1538 2191 1632 2236 me,
1661 2191 1725 2224 ne
1748 2176 1887 2238 quin·
1906 2208 1946 2238 25

218 2269 317 2316 que
348 2252 552 2314 quidem
584 2250 790 2312 reiectis,
823 2254 959 2316 quod
994 2253 1046 2301 in
1081 2254 1308 2317 proximo
1342 2270 1428 2304 reo
1459 2256 1523 2304 de
1554 2255 1746 2304 consilii
1780 2249 1887 2306 seffl-

218 2333 372 2383 tentia
409 2331 732 2382 constitutum
764 2342 854 2392 est,
890 2351 1039 2398 cogas
1074 2351 1274 2384 causam
1314 2336 1377 2384 de
1411 2335 1614 2385 fortunis
1655 2337 1885 2385 omnibus

131 2418 194 2464 41
220 2415 419 2464 dicere?
487 2429 590 2461 non
627 2412 771 2473 enim,
806 2414 847 2462 si
881 2424 964 2463 aut
1001 2414 1231 2463 Plancius
1265 2415 1334 2464 ita
1363 2414 1495 2475 vixit,
1528 2425 1582 2464 ut
1613 2418 1886 2467 offenderet

221 2496 381 2544 sciens
403 2493 668 2554 neminem,
694 2504 780 2543 aut
803 2504 856 2544 tu
880 2496 948 2545 ita
979 2497 1161 2557 errasti,
1187 2505 1242 2546 ut
1272 2514 1359 2547 eos
1390 2499 1560 2547 ederes
1583 2498 1884 2561 imprudens,

221 2587 277 2625 ut
316 2593 409 2625 nos
449 2577 604 2624 invito
645 2585 695 2625 te
734 2585 900 2626 tamen
945 2580 1008 2627 ad
1043 2578 1244 2638 iudices,
1281 2596 1385 2628 non
1425 2581 1489 2628 ad
1523 2580 1774 2629 carnifices
1808 2598 1887 2630 ve·
1909 2609 1950 2639 30

221 2658 449 2717 niremus‚
482 2657 667 2706 idcirco
701 2658 795 2706 ista
829 2659 982 2708 editio
1019 2677 1110 2723 per
1146 2677 1199 2710 se
1230 2677 1332 2710 non
1363 2663 1540 2710 acerba
1570 2670 1657 2711 est.
1730 2664 1884 2712 XVII

225 2753 289 2784 an
322 2753 439 2786 vero
479 2754 638 2800 nuper
679 2739 932 2788 clarissimi
967 2740 1098 2789 cives
1132 2757 1317 2790 nornen
1353 2741 1534 2791 editicii
1574 2741 1747 2792 iudicis
1783 2759 1886 2792 non

224 2819 452 2878 tulerunt,
488 2834 603 2867 cum
639 2835 697 2869 ex
732 2834 872 2869 cxxv
905 2819 1164 2882 iudicibus,
1201 2822 1506 2886 principibus
1542 2823 1779 2887 equestris
1814 2839 1944 2926 or->tx

1835 2901 1874 2935 ι
