2046 3112
852 116 1109 166 INDEX
1148 117 1190 165 J
1759 132 1783 164 2
1793 131 1816 163 2
1828 130 1849 163 1

232 222 337 263 simo
357 228 398 263 et
418 222 645 264 clarissimo
666 224 746 264 civi
768 223 836 274 (cf.
855 223 966 264 Brut.
993 225 1014 273 ἓ
1046 222 1135 274 167)
1157 223 1302 264 aedilis
1321 236 1405 263 non
1425 229 1487 263 est
1513 222 1645 262 factus
1678 228 1719 262 et
1744 221 1855 262 idem

231 290 320 330 sine
347 291 511 343 repulsa
538 292 668 331 sactus
697 297 758 331 est
789 291 944 340 consul,
969 297 1135 344 praetor
1153 304 1190 331 a.
1213 292 1278 343 89,
1303 295 1446 330 senatu
1466 295 1602 330 motus
1621 302 1655 329 a.
1678 287 1742 339 86,
1767 302 1849 330 cos.

231 370 267 397 a.
292 367 365 411 793
392 358 435 398 in
455 359 705 399 Macedonia
722 358 909 398 barbaris
928 358 1047 398 victis
1066 371 1122 397 m.
1145 363 1205 397 est
1225 371 1260 398 a.
1286 355 1348 407 76,
1374 356 1424 396 51
1449 369 1500 406 30

182 425 312 465 Gaius
339 426 547 472 Claudius,
579 432 697 479 pater
724 426 855 479 Appii
877 426 1042 466 Claudii
1071 425 1250 471 Pulchri,
1272 423 1322 464 51
1346 435 1408 473 32,
1429 423 1501 463 ubi
1529 429 1599 463 aut
1611 422 1752 475 fratre
1779 436 1855 477 pro

221 497 346 544 patre
368 492 590 544 legendum
622 507 715 533 cum
747 493 974 544 Borghesio
1004 494 1050 531 in
1084 492 1277 531 Giornale
1307 492 1507 531 Arcadico
1534 491 1640 530 Nov.
1680 492 1780 541 1825
1811 503 1853 543 p.

232 571 253 598 2
259 573 310 612 34
331 566 401 600 aut
419 562 528 612 App.
550 573 627 612 pro
651 561 697 600 C.
729 566 867 600 censet
887 559 1068 600 Orellius
1094 560 1238 599 Onom.
1259 572 1299 611 p.
1331 569 1406 609 150
1425 559 1453 597 b

175 627 243 667 M.
274 628 477 667 Claudius
503 628 742 677 Marcellus,
778 628 1025 680 quinquiens
1054 627 1196 667 consul
1227 627 1304 667 suit
1333 640 1375 667 a.
1407 629 1632 675 222-208‚
1673 627 1855 679 ‘gladius

231 696 540 736 Romanorum'
578 696 846 749 triumphavit
884 697 937 736 de
971 695 1104 736 Gallis
1139 695 1395 744 Insubribus,
1430 695 1713 735 Hannibalem
1743 696 1855 748 apud

229 766 387 806 Nolam
406 767 547 819 sugere
566 767 700 819 coegit
719 780 757 806 a.
782 764 874 812 216,
898 767 1120 818 Syracusas
1141 765 1252 818 cepit
1271 778 1306 805 a.
1335 778 1427 814 212,
1458 766 1616 818 proelio
1636 766 1690 805 ad
1716 765 1854 805 Venu-

230 833 333 872 siam
354 833 574 873 commisso
594 834 648 873 ab
669 833 910 873 Hannibale
930 833 1230 872 circumventus
1250 833 1400 872 cecidit
1419 846 1456 872 a.
1481 834 1572 879 208,
1596 832 1647 872 60
1667 845 1719 884 30

180 902 442 942 Clustumina
461 902 592 942 tribus
610 916 635 942 a
658 903 884 942 Clustumio
903 915 933 942 5.
960 903 1196 942 Crustumio
1217 901 1466 941 Sabinorum
1486 902 1644 954 oppido
1665 902 1717 940 38
1734 902 1758 941 8

182 973 257 1012 Cn.
283 978 321 1011 et
341 973 393 1011 P.
429 972 611 1012 Cornelii
633 972 836 1024 Scipiones
863 971 1020 1018 fratres,
1051 985 1156 1012 coss.
1186 985 1222 1011 a.
1257 983 1332 1010 222
1361 978 1402 1011 et
1429 972 1540 1021 (218)
1571 973 1654 1011 duo
1682 971 1856 1011 fulmina

227 1038 391 1090 imperii
428 1038 621 1086 Romani,
655 1039 739 1078 duo
777 1038 1090 1090 propugnacula
1127 1037 1227 1077 belli
1268 1038 1426 1084 Punici,
1466 1038 1591 1077 ambo
1631 1051 1668 1077 a.
1699 1050 1776 1076 212
1810 1038 1855 1077 in

230 1105 438 1158 Hispania
456 1119 482 1145 a
502 1106 651 1146 Poenis
672 1105 798 1145 occisi
817 1111 912 1146 sunt
932 1105 984 1145 60
1005 1118 1070 1158 29.
1128 1105 1181 1144 V.
1195 1105 1392 1145 ⁴Stemma
1414 1105 1655 1157 Scipionum
1675 1118 1716 1157 p.
1740 1117 1792 1157 94

179 1174 343 1213 Gnaeus
383 1174 595 1214 Cornelius
630 1174 764 1226 Sczpio
798 1174 851 1214 L.
872 1173 918 1227 f
961 1174 1128 1223 Calvus,
1170 1173 1240 1226 qui
1274 1187 1367 1213 cum
1404 1172 1528 1213 fratre
1564 1173 1608 1212 in
1648 1173 1855 1225 Hispania

227 1241 632 1294 Carthaginiensium
652 1241 795 1282 fraude
813 1242 1083 1294 interemptus
1104 1248 1178 1288 est,
1192 1254 1276 1282 005.
1290 1255 1328 1280 a.
1346 1254 1438 1288 222,
1452 1247 1570 1294 pater
1586 1242 1633 1281 P.
1650 1241 1856 1294 Scipionis

226 1311 407 1352 Nasicae
426 1311 498 1364 qui
516 1311 579 1351 vir
593 1312 774 1364 optimus
794 1311 996 1351 iudicatus
1016 1317 1078 1351 est
1098 1310 1150 1349 60
1172 1324 1235 1359 24,
1261 1322 1313 1363 29

171 1381 223 1419 P.
258 1380 471 1420 Cornelius
497 1379 628 1432 Scipio
654 1379 886 1432 Africanus
913 1380 1060 1426 maior,
1092 1378 1199 1418 filius
1229 1379 1272 1418 P.
1301 1378 1469 1418 Corneli
1491 1378 1697 1431 Scipionis
1725 1378 1852 1418 modo

225 1445 340 1495 dicti,
367 1446 432 1486 vir
458 1459 642 1486 summus
670 1445 714 1485 in
738 1460 824 1499 rep.
859 1453 1044 1499 tempore
1073 1446 1174 1486 belli
1204 1446 1349 1485 Punici
1378 1446 1558 1495 secundi,
1583 1459 1667 1486 005.
1697 1459 1736 1485 a.
1758 1457 1849 1496 205,

232 1524 308 1565 ¹94
325 1526 339 1562 3
368 1512 654 1552 Hannibalern
682 1514 735 1552 ad
755 1514 925 1552 Zamam
945 1513 1062 1562 fudit,
1087 1519 1271 1552 mortuus
1292 1526 1327 1552 0.
1341 1526 1376 1552 a.
1404 1515 1489 1563 183,
1512 1512 1565 1552 60
1586 1523 1637 1560 30

174 1580 347 1620 Publius
383 1581 594 1620 Cornelius
621 1582 754 1634 Scipio
780 1582 936 1621 Nasica
966 1582 1144 1633 Serapio,
1175 1594 1258 1621 005.
1289 1594 1326 1620 a.
1361 1583 1450 1631 138,
1478 1581 1722 1621 fortissimus
1742 1579 1793 1619 51
1811 1593 1850 1633 3,

225 1661 319 1688 cum
338 1648 526 1701 pontifex
543 1649 746 1688 maximus
766 1655 883 1696 esset,
901 1649 996 1688 Tib.
1026 1649 1260 1689 Gracchum
1279 1648 1430 1688 occidit
1449 1662 1486 1688 a.
1513 1662 1558 1700 13
1565 1661 1601 1700 3,
1633 1648 1684 1686 88
1705 1649 1730 1687 8

171 1718 344 1757 Publius
367 1718 579 1758 Cornelius
591 1720 723 1771 Scipio
736 1720 903 1768 Nasica,
929 1732 1013 1759 cos.
1034 1733 1071 1759 a.
1093 1731 1182 1769 111,
1205 1719 1442 1772 Serapionis
1461 1719 1589 1758 modo
1608 1719 1707 1758 dicti
1727 1717 1846 1768 filius,

224 1799 368 1826 omnes
388 1787 473 1825 sale
492 1786 731 1839 facetiisque
751 1787 971 1839 superabat
990 1788 1042 1826 33
1059 1799 1084 1839 9

172 1853 240 1892 Ti.
280 1853 579 1902 Coruncanius,
626 1860 746 1894 natus
774 1854 861 1894 sive
898 1854 1068 1893 Tusculi
1106 1854 1193 1893 sive
1235 1853 1429 1902 Camerii,
1463 1866 1544 1893 cos.
1573 1866 1612 1893 a.
1646 1853 1724 1893 280
1756 1867 1850 1893 cum

226 1920 410 1960 Etruscis
431 1926 471 1960 et
493 1921 652 1973 Pyrrho
670 1921 896 1974 pugnavit;
924 1922 1081 1974 primus
1109 1935 1132 1961 e
1157 1921 1280 1974 plebe
1310 1921 1495 1974 pontifex
1523 1921 1740 1971 maximus,
1764 1921 1851 1961 iure

224 1989 450 2037 consultus,
476 1989 604 2028 homo
623 1989 950 2042 sapientissimus
971 1990 1024 2028 20
1047 2003 1064 2029 1

175 2057 373 2096 Crassus:
402 2070 443 2097 v.
458 2070 491 2096 5.
511 2057 702 2097 Licinius

174 2125 307 2171 Creta,
327 2124 462 2165 insula
481 2125 641 2166 Graeca
660 2126 785 2167 maris
805 2126 970 2174 interni,
995 2126 1102 2167 inter
1127 2127 1342 2180 Aegaeum
1368 2133 1410 2168 et
1436 2126 1711 2180 Cyrenaicum
1736 2140 1850 2167 mare

224 2195 276 2236 27
298 2194 363 2242 26,
381 2195 432 2235 61
458 2207 526 2245 14,
545 2195 598 2235 85
615 2207 664 2246 25

167 2263 346 2304 Manius
368 2263 524 2303 Curius
540 2264 748 2304 Dentatus
777 2266 924 2317 ‘quem
944 2277 1067 2304 nemo
1091 2265 1199 2305 ferro
1233 2265 1368 2318 potuit
1388 2279 1580 2318 superare
1612 2279 1689 2306 nec
1721 2279 1822 2306 auro
1837 2264 1848 2282 '

223 2330 385 2381 (Eum),
406 2343 429 2370 e
447 2331 674 2384 municipio
694 2331 834 2385 aliquo
857 2332 1014 2372 Sabino
1034 2333 1244 2382 oriundus,
1264 2333 1457 2385 agricola,
1479 2346 1560 2372 005.
1586 2346 1624 2372 a.
1647 2346 1738 2386 290,
1755 2345 1847 2386 275,

223 2408 314 2450 274,
338 2398 544 2440 Samnites
572 2406 614 2440 et
643 2400 821 2441 Sabinos
839 2414 878 2440 a.
903 2413 994 2454 290,
1021 2401 1224 2452 Pyrrhum
1251 2415 1287 2442 a.
1316 2411 1391 2453 275
1423 2403 1534 2455 apud
1565 2404 1848 2444 Beneventum

221 2468 321 2509 vicit
341 2467 395 2508 60
416 2469 465 2508 28

174 2536 354 2588 Cyrenae
368 2535 465 2575 urbs
482 2535 734 2587 Cyrenaicae
753 2535 932 2587 regionis
951 2535 994 2576 in
1015 2535 1169 2585 Africa,
1187 2535 1227 2575 h.
1245 2535 1437 2583 Kuren3
1459 2535 1516 2575 ibi
1536 2549 1612 2589 pro
1632 2543 1848 2588 quaestore

223 2604 298 2645 fuit
319 2604 553 2645 Laterensis
575 2604 624 2643 13
649 2618 682 2655 2,
710 2604 760 2645 63
786 2617 829 2644 11
