2046 3112
200 108 260 140 10
627 91 704 140 M
749 91 977 141 TVLLI
1018 91 1427 142 CICERONIS
1667 90 1768 160 [lX
1793 106 1853 155 23

192 201 264 250 tui
286 200 597 264 reliquerant,
623 199 695 262 sic
717 209 768 250 te
793 199 1022 249 Plancius
1045 200 1142 250 hoc
1171 217 1273 251 non
1298 202 1458 251 solum
1483 200 1753 266 municipii,
1779 219 1858 252 ve·

191 296 299 330 rum
323 281 471 330 etiam
489 279 750 330 vicinitatis
774 296 953 344 genere
975 279 1230 330 vincebat:
1266 280 1360 330 nisi
1383 282 1508 331 forte
1531 290 1582 331 te
1606 282 1856 331 Labicana

190 371 275 411 aut
300 362 496 411 Gabina
522 371 608 411 aut
633 362 888 411 Bovillana
919 360 1142 410 vicinitas
1174 362 1454 423 adiuvabat,
1480 363 1659 426 quibus
1690 380 1719 413 e
1750 380 1857 412 mu-

190 441 384 506 nicipiis
406 441 489 491 vix
518 441 618 490 iam
646 441 731 504 qui
759 458 955 490 carnem
982 441 1169 490 Latinis
1193 452 1364 505 petant
1385 443 1705 506 reperiuntur.
1773 444 1858 493 ad·

190 523 465 587 iungamus,
496 523 536 572 si
569 523 656 584 viS,
687 523 740 572 id
779 525 917 586 quod
952 533 1006 572 tu
1042 523 1157 571 huic
1191 526 1368 573 obesse
1403 524 1551 573 etiam
1584 534 1744 588 putas,
1773 542 1857 588 pa-
1902 546 1922 577 s

190 612 314 653 trem
337 603 685 667 publicanum:
721 602 807 665 qui
831 604 955 651 ordo
980 611 1167 665 quanto
1195 603 1483 652 adiumento
1507 602 1568 652 sit
1591 604 1642 652 in
1666 606 1856 653 honore

191 684 300 747 quis
335 684 530 733 nescit?
564 685 654 733 flos
689 683 823 733 enim
859 684 1080 746 equiturn
1118 686 1475 743 Romanorum,
1513 694 1856 733 ornamentum

189 764 412 823 civitatis,
460 766 822 812 firmamentum
867 764 939 813 rei
984 764 1212 827 publicae
1261 763 1636 827 publicanorum
1682 765 1857 814 ordine

103 847 167 895 24
189 845 479 895 continetur.
551 845 660 907 quis
696 854 769 894 est
802 844 948 907 igitur
981 844 1068 907 qui
1102 854 1249 908 neget
1284 845 1388 894 eius
1424 845 1608 894 ordinis
1637 846 1852 895 studium

188 925 337 974 fuisse
360 924 411 973 in
435 926 624 974 honore
650 925 838 973 Plancii
870 925 1150 988 singulare?
1218 942 1380 988 neque
1403 925 1590 986 iniuria,
1616 925 1694 975 v'el
1719 927 1854 989 quod
1879 948 1919 970 10

190 1015 293 1055 erat
328 1014 468 1068 pater
502 1005 557 1066 is,
596 1005 680 1068 qui
715 1014 792 1055 est
824 1006 1051 1069 princeps
1087 1005 1186 1055 iam
1223 1007 1308 1055 diu
1349 1006 1739 1069 publicanorum,
1775 1009 1855 1056 vel

189 1088 325 1149 quod
357 1086 398 1135 is
433 1087 496 1136 ab
529 1086 674 1136 sociis
705 1085 850 1135 unice
886 1086 1179 1149 diligebatur
1201 1089 1280 1137 vel
1314 1089 1452 1150 quod
1485 1087 1855 1150 diligentissime

187 1169 405 1230 rogabat,
431 1169 509 1216 vel
534 1166 649 1230 quia
671 1183 761 1231 pro
784 1167 886 1216 filio
911 1167 1236 1231 supplicabat,
1261 1170 1340 1217 vel
1372 1169 1508 1231 quod
1531 1168 1676 1216 huius
1701 1167 1855 1231 ipsius

186 1248 239 1297 in
272 1249 411 1297 illum
451 1249 675 1298 ordinem
722 1266 917 1298 summa
962 1248 1123 1298 officia
1157 1258 1448 1312 quaesturae
1483 1249 1856 1313 tribunatusque

187 1333 495 1391 constabant,
519 1333 598 1380 vel
621 1332 758 1394 quod
780 1330 851 1380 illi
881 1331 932 1380 in
967 1331 1065 1380 hoc
1096 1332 1320 1380 ornando
1345 1331 1569 1380 ordinem
1602 1347 1656 1381 se
1680 1348 1854 1382 ornare
1878 1354 1917 1384 ιε

187 1422 237 1462 et
261 1414 517 1462 consulere
540 1412 704 1461 liberis
729 1412 826 1461 suis
851 1411 1221 1462 arbitrabantur.

288 1494 339 1541 X
394 1492 598 1555 Aliquid
636 1492 1124 1555 praeterea—timide
1165 1492 1294 1552 dico,
1334 1494 1423 1542 sed
1468 1502 1637 1543 tamen
1682 1492 1850 1544 dicen·

185 1575 306 1624 dum
330 1582 495 1623 est—z
529 1590 631 1623 non
654 1574 787 1622 enim
820 1574 1013 1637 opibus,
1039 1591 1141 1624 non
1173 1575 1416 1624 invidiosa
1445 1575 1612 1638 gratia,
1636 1592 1738 1625 non
1762 1593 1852 1639 po·

186 1654 341 1703 tentia
362 1654 442 1702 vix
464 1655 680 1713 ferenda,
707 1654 796 1703 sed
829 1654 1301 1703 commemoratione
1329 1654 1573 1716 beneficii,
1599 1657 1689 1705 sed
1712 1656 1854 1705 mise-

184 1736 407 1794 ricordia,
429 1737 518 1784 sed
540 1735 766 1798 precibus
791 1734 979 1798 aliquid
1003 1735 1254 1784 attulimus
1281 1735 1427 1784 etiam
1453 1753 1557 1786 nos.
1613 1737 1854 1800 appellavi
1876 1762 1919 1784 20

184 1818 426 1880 populum
460 1815 694 1876 tributim,
722 1815 923 1864 submisi
951 1832 1032 1865 me
1063 1825 1114 1865 et
1146 1817 1447 1880 supplicavi:
1481 1819 1610 1866 ultro
1641 1834 1721 1866 me
1749 1819 1854 1866 her-

184 1900 293 1948 cule
327 1915 380 1948 se
414 1897 536 1946 mihi
570 1897 720 1947 etiam
758 1898 1020 1958 offerentis,
1063 1899 1190 1947 ultro
1227 1898 1506 1961 pollicentis
1546 1897 1735 1962 rogavi:
1774 1915 1855 1947 va-

97 1983 160 2031 25
183 1979 274 2027 luit
301 1996 449 2028 causa
483 1978 701 2041 rogandi,
740 1995 842 2027 non
876 1978 1057 2042 gratia3
1092 1995 1186 2028 nec
1221 1979 1262 2027 si
1295 1978 1368 2027 vir
1400 1978 1741 2042 amplissimuS,
1772 1979 1853 2028 cui

184 2059 305 2108 nihil
341 2070 415 2109 est
450 2061 588 2122 quod
622 2060 811 2123 roganti
847 2059 1057 2109 concedi
1091 2076 1193 2109 non
1228 2059 1331 2110 iure
1364 2060 1532 2123 possit,
1569 2061 1634 2109 de
1668 2060 1850 2122 aliquo,

183 2150 238 2190 ut
271 2140 408 2199 dicis,
446 2157 548 2190 non
587 2140 876 2204 impetravit,
914 2157 1007 2204 ego
1047 2157 1158 2190 sum
1193 2142 1450 2203 adrogans,
1487 2141 1624 2203 quod
1659 2157 1741 2189 me
1774 2158 1852 2189 va·
1874 2160 1914 2191 25

183 2222 332 2272 luisse
367 2223 496 2272 dico.
567 2239 684 2271 nam
719 2232 774 2271 ut
809 2223 1036 2271 omittam
1071 2223 1206 2282 illud,
1244 2223 1382 2285 quod
1417 2238 1510 2285 ego
1548 2239 1638 2285 pro
1679 2238 1740 2271 eo
1782 2224 1850 2270 la-

183 2305 435 2362 borabam,
475 2304 561 2366 qui
600 2304 796 2352 valebat
835 2302 941 2366 ipse
977 2320 1066 2367 per
1090 2306 1235 2364 sese,
1271 2303 1460 2367 rogatio
1506 2303 1613 2366 ipsa
1657 2319 1852 2366 semper

183 2393 258 2434 est
297 2384 655 2447 gratiosissima,
697 2400 824 2446 quae
865 2394 939 2433 est
976 2382 1139 2432 officio
1176 2382 1550 2432 necessitudinis
1587 2383 1852 2432 coniuncta

182 2465 408 2513 maxime.
480 2481 644 2527 neque
680 2464 812 2513 enim
844 2481 936 2527 ego
969 2463 1038 2512 sic
1072 2465 1321 2528 rogabam,
1354 2473 1409 2513 ut
1442 2472 1609 2526 petere
1642 2463 1847 2522 viderer,

184 2544 300 2607 quia
333 2543 580 2592 familiaris
612 2552 740 2592 esset
772 2560 926 2603 meus,
953 2543 1071 2606 quia
1095 2543 1297 2603 vicinus,
1325 2541 1440 2606 quia
1468 2542 1612 2591 huius
1646 2553 1849 2606 parente
1870 2560 1911 2589 30

185 2639 382 2687 semper
426 2625 687 2687 plurimum
734 2641 893 2674 essem
945 2641 1076 2683 usus,
1125 2625 1215 2673 sed
1259 2634 1314 2673 ut
1359 2623 1498 2686 quasi
1553 2623 1744 2686 parenti
1799 2633 1850 2674 et

183 2706 376 2753 custodi
417 2706 582 2753 salutis
620 2721 772 2754 meae.
845 2721 948 2754 non
985 2705 1208 2769 potentia
1246 2721 1371 2765 mea,
1409 2705 1498 2754 sed
1533 2720 1682 2752 causa
1715 2720 1850 2768 roga-

184 2785 332 2836 tionis
372 2785 461 2835 fuit
500 2785 722 2850 gratiosa.
809 2802 957 2836 nemo
1004 2802 1116 2836 mea
1155 2785 1462 2837 restitutione
1506 2787 1712 2835 laetatus
1759 2796 1849 2846 est,
