2046 3112
136 167 262 216 XVI
290 163 376 234 38]
477 167 631 217 PRO
681 167 790 217 CN.
829 167 1165 217 PLANCIO
1216 167 1498 218 ORATIO
1743 180 1801 231 15

134 275 270 335 dixit,
310 291 392 325 me
427 274 480 324 id
521 274 699 325 dixisse
737 275 907 326 dicunt
918 295 932 339 3
978 292 1072 340 ego
1108 286 1273 327 autem
1312 277 1354 326 si
1392 275 1513 340 quid
1554 285 1630 326 est
1669 277 1804 339 quod

133 354 254 404 mihi
285 355 460 405 scitum
492 372 600 405 esse
631 355 852 406 videatur
876 367 924 406 et
948 356 1151 406 homine
1177 356 1392 419 ingenuo
1425 356 1630 418 dignum
1655 366 1805 419 atque

133 439 300 498 docto,
325 452 427 486 non
449 453 704 499 aspernor:
738 438 1032 496 stomachor,
1059 454 1172 486 cum
1192 437 1397 486 aliorum
1422 453 1525 486 non
1550 453 1630 485 me
1655 436 1805 499 digna

129 516 182 565 in
217 534 297 567 me
332 519 662 567 conferuntur.
732 533 848 567 nam
874 519 1012 580 quod
1036 517 1223 581 primus
1247 516 1387 565 scivit
1411 518 1571 580 legem
1596 518 1659 566 de
1683 519 1806 580 pub-

88 624 106 653 ⁵
130 598 299 647 licanis
337 608 458 659 tum,
495 616 610 648 cum
646 597 719 648 vir
754 599 1086 663 amplissimus
1123 600 1297 648 consul
1332 598 1384 647 id
1420 597 1487 646 illi
1523 597 1683 647 ordini
1717 615 1805 662 per

128 682 372 744 populum
407 681 560 740 dedit,
591 682 729 744 quod
763 697 850 744 per
891 690 1117 730 senatum
1153 680 1193 730 si
1227 679 1443 729 licuisset
1490 680 1724 740 dedisset,
1762 681 1803 730 si

126 761 179 810 in
204 778 265 811 eo
289 761 473 811 crimen
493 771 581 822 est,
598 761 714 825 quia
739 762 1019 825 suffragium
1040 762 1164 822 tulit,
1186 762 1296 826 quis
1321 778 1424 811 non
1449 761 1558 810 tulit
1581 761 1802 825 publica-

127 843 251 890 nus?
285 841 340 902 si,
367 841 483 905 quia
505 842 690 905 primus
722 841 875 903 scivit,
903 851 1067 890 utrum
1101 842 1153 890 id
1187 841 1329 891 sortis
1361 858 1469 891 esse
1492 841 1566 890 vis
1590 858 1655 890 an
1680 840 1798 903 eius,

128 923 213 986 qui
237 923 371 972 illam
390 925 550 988 legem
569 925 786 972 ferebat?
821 923 861 972 si
886 923 1042 982 sortis,
1060 925 1252 971 nullum
1276 922 1461 971 crimen
1487 932 1561 971 est
1585 921 1636 971 in
1660 939 1803 973 casu:

66 1032 106 1055 κο
127 1005 168 1055 si
191 1006 421 1066 consulis,
448 1007 682 1069 splendor
713 1005 862 1054 etiam
888 1004 1075 1053 Plancii
1106 1005 1238 1052 hunc
1262 1021 1291 1054 a
1315 1021 1510 1054 summo
1539 1004 1646 1054 viro
1673 1004 1801 1068 prin—

125 1084 287 1150 cipem
312 1103 420 1136 esse
444 1086 630 1135 ordinis
653 1085 936 1136 iudicatum.

226 1168 323 1215 XV
393 1167 493 1215 Sed
527 1167 796 1229 aliquando
830 1165 1086 1214 veniamus
1121 1167 1185 1215 ad
1227 1182 1451 1216 causam:
1519 1165 1574 1216 in
1609 1183 1708 1230 qua
1744 1176 1798 1216 tu
1822 1175 1885 1222 36

122 1247 325 1300 nomine
348 1248 470 1312 legis
494 1247 728 1308 Liciniae,
754 1263 882 1310 quae
907 1257 981 1297 est
1004 1249 1070 1296 de
1102 1247 1364 1307 sodaliciis,
1391 1248 1551 1297 omnis
1583 1247 1799 1299 ambitus

121 1331 255 1393 leges
279 1331 567 1392 complexus
592 1344 657 1378 es.
729 1344 893 1391 neque
916 1328 1050 1377 enim
1070 1329 1336 1391 quicquam
1360 1329 1493 1378 aliud
1512 1329 1562 1377 in
1578 1331 1672 1379 hac
1688 1331 1797 1394 lege

61 1433 100 1466 ις
122 1409 215 1459 nisi
251 1409 475 1458 editicios
509 1408 698 1457 iudices
734 1425 787 1457 es
823 1418 1044 1468 secutus;
1079 1410 1216 1470 quod
1247 1425 1403 1472 genus
1439 1409 1731 1459 iudiciorum
1755 1411 1796 1460 si

120 1499 196 1540 est
219 1505 433 1552 aequum
455 1488 585 1537 ulla
572 1487 807 1574 lQnisi
831 1488 882 1553 111
901 1490 995 1536 hac
1013 1488 1256 1574 tribuaria,
1277 1505 1378 1538 non
1395 1489 1627 1553 intellego
1644 1507 1795 1552 quam

121 1571 188 1619 ob
222 1586 327 1619 rem
362 1578 559 1618 senatus
595 1570 693 1618 hoc
727 1561 830 1618 11110
859 1567 939 1616 111
962 1585 1142 1631 genere
1146 1565 1333 1619 tribus
1369 1569 1452 1619 edi
1485 1570 1695 1619 voluerit
1729 1572 1793 1620 ab

119 1661 406 1702 accusatore
442 1668 606 1714 neque
645 1653 855 1701 eandem
888 1650 1157 1701 editionem
1189 1651 1491 1700 transtulerit
1524 1650 1575 1699 in
1606 1661 1793 1702 ceteras

118 1750 306 1794 causas,
348 1733 413 1782 de
451 1731 562 1796 ipso
602 1732 817 1795 denique
857 1732 1048 1781 ambitu
1087 1731 1404 1782 reiectionem
1442 1733 1546 1781 fieri
1585 1733 1794 1783 voluerit

7 1876 12 1887 .
55 1838 96 1860 20
117 1814 337 1864 iudicum
361 1815 674 1874 alternorum,
702 1831 914 1877 cumque
946 1815 1137 1862 nullum
1165 1830 1323 1876 genus
1354 1813 1633 1863 acerbitatis
1656 1831 1793 1878 prae-

117 1895 419 1954 termitteret,
445 1896 543 1944 hoc
570 1904 735 1944 tamen
767 1912 920 1943 unum
949 1896 1364 1958 praetereundum
1394 1895 1591 1958 putarit.
1640 1896 1791 1959 quid?
1813 1898 1877 1946 37

115 1975 321 2026 huiusce
354 1975 425 2025 rei
471 1977 674 2025 tandem
709 1977 921 2024 obscura
954 1992 1104 2024 causa
1139 1985 1227 2036 est,
1263 1992 1328 2024 an
1365 1985 1415 2025 et
1449 1975 1632 2039 agitata
1665 1986 1787 2038 tum,

113 2075 227 2108 cum
262 2058 355 2108 ista
389 2059 441 2107 in
477 2068 651 2108 senatu
685 2076 762 2108 res
797 2061 1046 2122 agebatur,
1076 2067 1126 2108 et
1159 2059 1409 2122 disputata
1442 2059 1672 2110 hesterno
1708 2061 1789 2110 die

113 2139 454 2203 copiosissime
478 2156 508 2187 a
532 2140 594 2201 Q.
625 2139 914 2199 Hortensio,
941 2139 1021 2187 cui
1053 2147 1159 2187 tum
1184 2148 1258 2188 est
1286 2148 1486 2188 senatus
1518 2141 1789 2189 adsensus?

51 2239 90 2270 25
112 2223 210 2271 hoc
244 2221 390 2286 igitur
423 2221 687 2271 sensimus:
723 2222 1076 2289 cuiuscumque
1111 2220 1267 2270 tribus
1302 2221 1500 2285 largitor
1535 2231 1663 2270 esset
1697 2239 1788 2285 per

110 2302 241 2351 hanc
263 2302 658 2362 consensionem,
684 2277 1011 2366 quaem
1004 2286 1237 2351 1101105ϊο
1273 2318 1422 2364 quam
1456 2318 1571 2350 vere
1607 2302 1786 2351 sodali-

110 2391 184 2432 tas
218 2384 568 2446 nominaretur,
596 2400 744 2446 quam
781 2384 990 2447 quisque
1022 2383 1204 2432 tribum
1234 2382 1364 2445 turpi
1392 2382 1647 2446 largitione
1682 2400 1784 2432 cor·
1828 2395 1833 2401 ·

108 2475 397 2546 rumperet
452 2482 508 2534 m.
525 2464 740 2514 maxime
765 2466 834 2514 eis
857 2463 1156 2524 hominibus,
1183 2463 1268 2527 qui
1293 2452 1396 2512 eius
1420 2463 1573 2512 tribus
1598 2474 1775 2526 essent,
1863 2458 1875 2508 t
1912 2424 1973 2547 ζ

109 2537 216 2593 esse
246 2545 447 2595 notum:
482 2546 551 2595 ita
584 2545 774 2609 putavit
811 2554 1025 2604 senatus,
1058 2561 1174 2592 cum
1208 2560 1295 2593 reo
1331 2543 1484 2592 tribus
1521 2545 1783 2594 ederentur

45 2640 88 2672 30
109 2641 211 2686 eae,
237 2643 359 2690 quas
383 2626 423 2676 is
447 2627 704 2691 largitione
740 2627 994 2676 devinctas
1025 2627 1243 2685 haberet,
1271 2627 1476 2675 eosdem
1507 2627 1610 2675 fore
1642 2626 1779 2676 testis

109 2714 158 2755 et
180 2706 382 2757 iudices.
443 2710 675 2757 acerbum
702 2708 906 2757 omnino
928 2724 1083 2771 genus
1107 2705 1289 2765 iudicii,
1316 2707 1404 2755 sed
1429 2715 1610 2767 tamen,
1637 2706 1677 2756 si
1700 2709 1780 2756 vel

107 2798 196 2832 sua
217 2787 295 2835 vel
319 2803 391 2847 ea,
418 2803 546 2850 quae
571 2787 783 2836 maxime
808 2797 935 2836 esset
967 2786 1148 2850 cuique
1180 2786 1459 2847 coniuncta,
1486 2786 1641 2835 tribus
1665 2789 1779 2836 ede-

107 2874 250 2926 retur,
285 2865 368 2915 vix
402 2868 742 2917 recusandum.
822 2869 950 2917 XVI
1007 2875 1063 2917 tu
1097 2874 1276 2930 autem,
1319 2867 1615 2929 Laterensi3‚
1652 2883 1774 2931 quas
1798 2874 1862 2922 38
