2046 3112
160 154 293 223 §85]
395 174 398 177 ’
681 218 687 226 .
826 157 1132 208 ,NOTES
1737 168 1828 219 179

161 279 216 305 on
235 279 338 318 your
362 267 704 322 candidateship.’
761 268 996 309 Laterensis
1015 268 1172 309 wished
1192 273 1236 308 to
1256 273 1342 308 cast
1361 281 1387 307 a
1406 267 1491 307 slur
1515 281 1629 320 upon
1651 266 1830 308 Cic'ero's

161 321 355 361 fondness
378 322 449 362 ·sor
481 324 681 375 punning.
745 324 864 364 Creta
887 324 1124 376 fullonum,
1163 323 1336 363 ‘Cretan
1366 320 1514 370 earth‚'
1546 321 1571 362 i.
1586 335 1622 361 e.
1656 320 1829 369 ‘chalk,’

160 387 244 414 was
263 375 364 414 used
382 376 446 415 sor
469 377 681 429 cleansing
704 384 924 429 garments,
952 378 1086 417 Plaut.
1107 377 1205 417 Aul.
1231 386 1281 416 IV
1300 388 1338 429 9,
1364 374 1390 416 6
1416 376 1493 415 scio
1508 376 1641 428 funes
1663 389 1741 415 esse
1764 376 1832 414 hic

159 429 381 480 complures
422 431 497 482 qui
534 432 682 470 vestitu
719 436 759 470 et
791 437 924 471 creta
970 431 1224 480 (=vestitu
1262 431 1459 479 cretato)
1503 431 1705 469 occultant
1741 442 1829 469 sese.

161 483 311 522 Hence
340 490 554 523 cretatus
581 484 615 524 is
634 485 736 524 used
762 484 824 524 sor
848 485 1091 524 candidatus
1109 485 1165 536 by
1187 484 1347 524 Persius
1368 482 1474 533 (Sat.
1490 494 1522 523 V
1542 494 1615 535 177
1644 489 1830 523 cretata

158 536 357 585 ambitio),
374 538 444 578 the
463 551 586 590 gown
602 538 726 591 being
742 539 901 580 rubbed
919 539 1018 578 with
1039 538 1185 578 chalk
1206 545 1249 578 to
1264 538 1387 578 make
1404 538 1434 577 it
1450 538 1608 586 whiter,
1629 537 1829 589 although

159 589 242 630 this
261 604 349 636 was
374 591 524 643 illegal,
558 605 626 632 see
647 593 738 634 Liv.
763 603 794 632 v
815 606 835 632 2
842 604 863 643 5
879 594 1013 645 placet
1036 593 1233 632 tollendae
1250 592 1489 631 ambitionis
1506 606 1631 632 causa
1649 592 1832 631 tribunos

160 644 278 697 legem
292 647 563 698 promulgare
576 660 631 692 ne
648 647 718 686 cui
741 647 907 688 album
935 647 985 687 in
1013 647 1365 687 vestimentum
1392 646 1565 686 addere
1591 647 1738 685 liceret.

239 730 407 768 dictum
433 730 628 780 aliquod]
663 732 796 770 ‘some
815 729 1154 779 witticism,’=in
1184 730 1289 770 later
1317 731 1443 770 Latin
1472 731 1700 770 dicterium.
1758 728 1824 770 Cs.

158 781 212 821 de
240 795 300 821 or.
323 793 358 822 11
379 786 400 831 §
422 796 497 823 222
527 785 621 823 llaec
638 785 785 824 scilicet
810 785 913 824 bona
940 786 1083 834 dicta,
1107 798 1210 837 quae
1225 786 1335 824 salsa
1359 786 1475 831 sint;
1502 798 1603 824 nam
1627 798 1674 824 ea
1702 784 1829 823 dicta
1888 797 1889 800 ¹

158 837 421 887 appellantur
435 839 608 890 proprio
630 839 715 878 iam
746 840 922 886 nomine,
955 839 1043 884 Cic.
1073 853 1139 892 ep.
1166 839 1221 878 ad
1251 839 1374 879 Corn.
1403 839 1514 891 Nep.
1544 853 1611 891 ap.
1637 838 1824 878 Macrob.

159 890 246 930 Sat.
271 901 307 930 11
333 904 351 931 1
382 893 404 940 ἓ
427 903 474 942 14
502 893 639 944 itaque
665 894 808 939 nostri,
838 907 931 932 cum
961 894 1103 932 omnia
1131 906 1236 945 quae
1262 893 1504 932 dixissemus
1531 894 1661 932 dicta
1688 898 1822 939 essent,

158 957 261 996 quae
273 944 405 997 fizcete
420 951 456 998 et
472 946 649 985 breviter
663 952 702 985 et
717 953 831 986 acute
847 947 971 986 locuti
995 961 1175 993 essemus,
1197 960 1241 986 ea
1261 948 1431 999 proprio
1451 947 1614 987 nomine
1632 946 1833 998 appellari

157 999 287 1101 digta
307 1000 536 1093 vloluerunzss
561 999 704 1051 Quint.
725 1001 821 1042 inst.
846 1014 906 1041 or.
920 1011 970 1041 VI
992 1013 1028 1052 3,
1057 1000 1120 1041 16.
1178 1001 1364 1041 See'also
1381 1000 1529 1054 Mayor
1548 1007 1592 1042 to
1612 1001 1702 1042 Cic.
1718 1001 1827 1054 Phil.

160 1062 196 1092 11
257 1065 308 1104 42
347 1082 357 1093 .
383 1065 445 1104 13.
1809 1066 1830 1080 ·'

237 1152 268 1190 1.
293 1154 353 1191 26.
413 1153 462 1190 in
488 1153 749 1199 petitionem
776 1152 920 1202 tuam]
949 1151 1062 1201 ‘0n,’
1094 1152 1365 1205 ‘concerning
1382 1165 1486 1205 your
1502 1152 1630 1205 being
1647 1165 1672 1192 a
1690 1151 1828 1193 candi·

157 1203 284 1254 date‚'
304 1218 371 1244 see
390 1218 431 1244 n.
453 1212 497 1245 to
517 1206 608 1246 Cic.
627 1206 680 1246 de
700 1206 770 1247 off.
795 1217 811 1246 1
830 1209 851 1256 ξ
873 1209 922 1246 28
943 1207 971 1246 1.
994 1219 1060 1258 29·

236 1295 307 1324 me
333 1286 380 1323 id
405 1284 669 1338 perdidisse]
697 1283 750 1327 cfss
771 1286 912 1338 Quint.
930 1286 1025 1326 inst.
1042 1299 1102 1327 or.
1124 1295 1174 1325 Vi
1196 1298 1220 1337 3
1241 1287 1260 1334 ἓ
1282 1288 1331 1326 28
1351 1286 1490 1338 potius
1506 1286 1685 1326 amicum
1703 1298 1828 1340 quam

156 1339 340 1379 dictum
359 1340 575 1391 perdidi.

235 1423 268 1461 1.
288 1426 350 1463 27.
410 1425 610 1471 cupidior
631 1424 758 1475 dicti]
790 1422 957 1464 ‘fonder
974 1423 1022 1464 of
1035 1424 1207 1475 making
1225 1437 1249 1463 a
1265 1422 1397 1475 joke.’

237 1506 317 1552 qui
342 1515 433 1545 non
460 1505 663 1558 dixerim]
698 1507 779 1547 ‘for
810 1513 884 1547 not
916 1506 1071 1559 having
1090 1504 1208 1553 said,’
1242 1504 1502 1557 subjunctive
1532 1506 1577 1544 in
1606 1503 1827 1556 adjectival

156 1559 417 1600 consecutive
435 1561 585 1610 clause,
610 1561 776 1613 Zumpt.
797 1561 872 1601 Gr.
893 1563 915 1609 ξ
937 1573 958 1611 5
964 1573 983 1612 5
993 1572 1028 1612 7.

235 1643 267 1680 1.
287 1645 350 1681 28.
405 1644 454 1681 in
480 1642 545 1692 te]
579 1644 656 1682 ‘on
674 1641 886 1694 yourself‚'
905 1643 1039 1682 above
1058 1641 1084 1682 l.
1108 1639 1173 1682 26.

236 1727 264 1764 1.
286 1729 349 1765 29.
406 1728 523 1773 quod
550 1729 660 1766 mihi
685 1737 822 1772 meae,
853 1736 965 1774 quas
992 1729 1050 1765 ad
1076 1729 1270 1771 aliquem
1301 1727 1531 1772 misissem,
1566 1723 1827 1773 obruissent]

158 1779 280 1819 Haec
299 1780 440 1819 omnia
457 1794 543 1819 non
562 1782 616 1820 ad
634 1794 761 1827 reum,
776 1781 922 1820 sedad
941 1794 1107 1820 omnem
1131 1778 1319 1832 (ipsumP)
1338 1780 1581 1819 Ciceronem
1603 1779 1822 1831 pertinent,

156 1833 276 1886 quasi
305 1834 489 1886 asperius
518 1848 543 1874 a
570 1835 796 1874 Laterense
828 1835 1052 1887 proposita.
1115 1835 1228 1873 Nam
1261 1834 1467 1885 significat
1496 1833 1716 1885 epistulam
1744 1846 1828 1871 non

155 1888 407 1928 mediocrem
438 1889 492 1928 ad
521 1889 648 1929 instar
670 1889 890 1929 voluminis
919 1889 1128 1941 scriptam,
1151 1902 1275 1941 quam
1300 1888 1500 1939 Pompeio
1529 1888 1573 1927 in
1595 1887 1741 1926 Asiam
1770 1887 1829 1926 de

158 1943 303 1982 rebus
332 1943 434 1981 suis
462 1943 510 1982 in
538 1944 801 1983 consulatu
839 1943 965 1996 gestis
999 1944 1166 1983 miserat
1202 1943 1348 1982 Cicero
1374 1943 1601 1994 aliquanto,
1637 1948 1682 1981 ut
1715 1941 1827 1980 vide-

155 1997 289 2044 batur,
307 1996 551 2037 insolentius
571 1997 780 2050 scriptam,
793 2004 838 2037 ut
859 1997 1032 2050 Pompei
1051 1998 1311 2037 stomachum
1331 2009 1413 2035 non
1436 1995 1699 2035 mediocriter
1717 2009 1828 2035 com-

156 2058 365 2090 moveret:
387 2052 498 2103 quod
513 2053 693 2103 quadam
706 2052 942 2104 superbiore
957 2052 1154 2091 iaetantia
1173 2051 1365 2090 omnibus
1385 2063 1428 2090 se
1446 2049 1636 2103 gloriosis
1655 2050 1829 2089 ducibus

159 2111 443 2157 anteponeret.
506 2107 604 2146 Hoc
631 2106 756 2158 igitur
776 2107 863 2145 vult
891 2119 978 2146 esse
1008 2113 1241 2158 purgatum,
1271 2105 1414 2144 dicens
1439 2104 1651 2144 nuntiasse
1676 2117 1719 2143 se
1746 2103 1825 2143 Cn.

157 2159 359 2211 Pompeio
378 2160 534 2211 patriae
553 2161 920 2209 conservationem,
938 2173 1014 2199 nec
1030 2160 1250 2199 inscienter
1263 2160 1315 2199 de
1335 2165 1465 2199 semet
1485 2159 1576 2211 ipso
1591 2158 1827 2210 gloriatum.

157 2213 391 2253 Obfuerunt
415 2220 554 2253 autem
578 2228 621 2254 re
640 2227 760 2254 vera:
791 2228 889 2254 nam
915 2215 974 2254 sic
996 2215 1187 2253 effectum
1211 2220 1286 2262 est,
1309 2219 1357 2254 ut
1380 2213 1419 2253 ei
1440 2213 1662 2265 Pompeius
1687 2218 1830 2251 contra

158 2267 406 2307 Clodianam
425 2268 509 2307 vim
528 2282 614 2308 non
633 2269 971 2321 patrocinaretur.
1034 2278 1194 2308 SCHOL.
1220 2278 1320 2308 130ss.

237 2322 329 2361 The
348 2322 609 2362 voluminous
628 2324 749 2362 letter
767 2329 811 2363 to
833 2323 1054 2375 Pompeius
1074 2323 1107 2362 is
1130 2330 1203 2362 not
1223 2327 1376 2370 extant,
1401 2321 1476 2361 but
1497 2320 1568 2360 the
1586 2326 1683 2360 tone
1703 2319 1751 2360 of
1764 2319 1828 2359 his

157 2375 274 2428 reply
285 2376 421 2415 shows
440 2377 536 2417 how
553 2377 607 2417 he
625 2377 811 2417 received
832 2378 874 2416 it.
923 2378 971 2416 In
989 2391 1013 2416 a
1026 2378 1275 2428 subsequent
1289 2377 1402 2416 short
1414 2377 1535 2416 letter
1547 2382 1589 2414 to
1606 2375 1829 2427 Pompeius

156 2428 240 2482 (ep.
264 2430 319 2469 ad
347 2431 445 2470 fam.
465 2441 510 2470 v.
534 2433 573 2483 7)
601 2432 761 2480 Cicero,
786 2431 890 2471 after
913 2431 1245 2483 congratulating
1271 2431 1358 2469 him
1384 2443 1438 2470 on
1463 2430 1528 2469 his
1554 2430 1711 2480 victory
1731 2442 1830 2468 over

157 2483 435 2534 Mithridates,
455 2498 547 2537 says
571 2486 648 2525 ‘ad
663 2499 726 2524 me
743 2492 876 2525 autem
895 2486 1050 2524 litteras
1067 2499 1171 2538 quas
1190 2486 1346 2533 misisti,
1366 2497 1619 2536 quamquam
1638 2483 1829 2534 exiguam

157 2537 492 2590 significationem
519 2545 612 2580 tuae
642 2553 736 2592 erga
765 2554 827 2579 me
852 2540 1074 2580 voluntatis
1101 2540 1310 2587 habebant,
1345 2545 1483 2578 tamen
1512 2537 1620 2577 milzi
1643 2539 1737 2577 scito
1765 2538 1826 2576 iu-

157 2593 311 2631 cundas
330 2594 479 2644 fuisse.
539 2622 551 2634 .
610 2621 621 2632 .
679 2622 690 2632 .
747 2596 823 2640 Ac,
853 2608 904 2633 ne
930 2595 1090 2645 ignores
1121 2594 1227 2645 quid
1257 2607 1321 2645 ego
1359 2593 1407 2632 in
1435 2592 1515 2631 tuis
1552 2591 1699 2631 littem's
1730 2591 1827 2630 desi-

157 2645 350 2695 derarim,
372 2647 549 2687 scribam
567 2653 712 2699 aperte,
735 2649 843 2687 sicut
862 2654 900 2687 et
923 2661 1010 2687 mea
1031 2654 1189 2687 natura
1207 2653 1245 2686 et
1263 2652 1403 2686 nostra
1422 2646 1607 2685 amicitia
1628 2646 1821 2698 postulat.

157 2699 236 2739 Res
252 2714 317 2739 eas
328 2703 442 2753 gessi,
466 2715 649 2755 quarum
678 2702 863 2754 aliquam
883 2703 928 2741 in
949 2703 1035 2741 tuis
1059 2702 1211 2741 litteris
1234 2707 1271 2740 et
1290 2706 1452 2740 nostrae
1472 2700 1774 2739 necessitudinis
1792 2704 1832 2739 et

158 2753 257 2805 reip.
277 2767 398 2794 causa
420 2757 742 2808 gratulationem
767 2757 980 2807 expectavi,
1005 2770 1130 2808 quam
1154 2769 1220 2807 ego
1244 2756 1314 2794 abs
1338 2761 1375 2794 te
1393 2754 1728 2806 praetermissam
1753 2766 1830 2793 esse

158 2807 348 2859 arbitror,
370 2811 480 2862 quod
494 2824 673 2851 vererere
689 2824 740 2850 ne
756 2813 871 2850 cuius
888 2812 1078 2850 animum
1098 2807 1339 2862 offenderes?
1391 2808 1646 2861 Pompeius’s
1671 2821 1831 2848 answer

147 2866 205 2923 ¹to
232 2861 302 2904 the
329 2863 459 2917 bulky
477 2865 598 2906 letter
625 2865 844 2907 contained
872 2871 947 2906 not
974 2878 999 2908 a
1020 2865 1134 2906 word
1163 2864 1210 2906 of
1233 2864 1565 2917 congratulation
1593 2869 1636 2903 to
1665 2862 1828 2904 Cicero.

1512 2958 1532 2996 1
1546 2957 1685 2996 2-2
