2046 3112
126 104 349 172 XLI97]
453 105 604 155 PRO
656 102 1124 154 CNPLANCJO
1176 100 1454 151 ORATIO
1731 114 1794 164 39

127 210 246 260 mihi
270 210 555 260 insidiarum
580 211 854 275 periculum
879 211 1035 259 ullum
1060 225 1225 271 neque
1248 206 1420 257 mortis
1444 206 1606 256 fuisse.
1658 206 1796 256 cuius

127 309 220 357 ego
259 291 493 356 temporis
524 292 766 342 rationem
798 291 1058 355 explicabo
1082 290 1219 339 brevi
1254 305 1414 354 neque
1437 287 1617 337 invitus
1627 307 1641 350 3
1675 288 1798 337 nihil

129 373 261 423 enim
286 382 359 423 est
383 389 443 422 ex
468 372 589 422 meis
614 372 931 437 temporibuS,
951 373 1088 435 quod
1113 372 1275 420 minus
1299 378 1618 434 pervagatum
1644 372 1798 433 quod-

126 471 222 518 que
259 455 422 504 minus
459 464 543 504 aut
589 472 702 505 mea
738 452 1212 504 commemoratione
1260 452 1560 501 celebratum
1608 451 1668 500 sit
1714 463 1797 502 aut

87 563 105 593 5
127 534 410 585 hominibus
434 534 656 584 auditum
682 543 831 597 atque
862 542 1051 583 notum.
1123 549 1215 597 ego
1240 531 1386 592 enim,
1414 531 1706 593 Laterensis,
1737 549 1799 582 ex

125 616 210 666 illo
244 614 476 666 incendio
511 619 675 680 legum
707 615 822 666 iuris
858 623 1058 665 senatus
1080 616 1326 665 bonorum
1351 613 1574 663 omnium
1598 615 1794 672 cedens,

125 715 239 747 cum
263 713 374 746 mea
394 699 572 747 domus
597 699 771 748 ardore
796 714 885 747 suo
913 696 1317 760 deflagrationem
1333 694 1442 745 urbi
1459 703 1607 758 atque
1626 693 1797 744 Italiae

125 778 224 827 toti.
253 778 531 838 minaretur,
558 777 653 827 nisi
685 777 995 841 quievissem,
1023 776 1238 826 Siciliam
1274 774 1424 838 petivi
1458 774 1638 836 animo,
1669 790 1798 837 quae

126 868 175 908 et
199 858 306 922 ipsa
329 868 432 908 erat
455 858 575 907 mihi
599 859 724 908 sicut
743 859 924 908 domus
946 874 1046 906 una
1068 857 1334 906 coniuncta
1358 866 1407 906 et
1431 856 1746 906 obtinebatur
1768 873 1800 905 a

69 972 109 993 10
128 941 184 991 C.
211 939 442 1003 Vergilio,
470 956 687 1003 quocum
711 955 793 987 me
823 954 925 987 uno
947 939 1026 987 vel
1057 937 1271 987 maxime
1302 954 1417 986 cum
1440 946 1657 986 vetustas
1692 946 1812 986 tum·

126 1023 354 1085 amicitia,
393 1040 507 1073 cum
545 1023 644 1072 mei
683 1022 841 1071 fratris
877 1021 1104 1086 conlegia
1144 1030 1251 1070 tum
1288 1020 1358 1070 rei
1392 1021 1620 1084 publicae
1653 1036 1801 1070 causa

126 1105 347 1157 sociarat.
435 1105 550 1154 vide
592 1121 727 1152 nunc
778 1102 1039 1166 caliginem
1080 1112 1361 1166 temporum
1408 1102 1630 1153 illorum:
1683 1118 1798 1151 cum
1823 1110 1884 1158 96

126 1186 234 1249 ipsa
251 1201 411 1249 paene
435 1184 594 1233 insula
621 1182 743 1232 mihi
775 1199 882 1232 sese
915 1181 1112 1231 obviam
1143 1184 1267 1231 ferre
1290 1183 1450 1242 vellet,
1476 1191 1671 1245 praetor
1701 1181 1797 1242 ille,

60 1260 62 1264 ’
126 1266 347 1316 eiusdem
394 1265 574 1315 tribuni
626 1263 783 1328 plebis
836 1263 1150 1313 contionibus
1203 1273 1403 1327 propter
1455 1264 1684 1313 eamdem
1730 1263 1800 1313 rei

68 1373 107 1402 15
125 1346 350 1409 publicae
385 1361 584 1394 causam
620 1361 768 1408 saepe
791 1353 1009 1404 vexatus,
1039 1343 1161 1392 nihil
1195 1343 1405 1408 amplius
1442 1343 1555 1393 dico
1590 1342 1684 1392 nisi
1718 1360 1800 1393 me

125 1428 177 1476 in
217 1427 431 1477 Siciliam
465 1427 630 1477 venire
668 1426 837 1477 noluit.
912 1426 1033 1490 quid
1069 1426 1266 1476 dicam?
1349 1428 1408 1477 C.
1447 1425 1679 1489 Vergilio,
1715 1425 1800 1474 tali

126 1508 220 1557 civi
256 1518 305 1558 et
335 1509 453 1570 viro,
480 1509 879 1559 benevolentiam
914 1509 966 1558 in
1002 1526 1097 1569 me,
1132 1508 1423 1558 memoriam
1458 1508 1798 1558 communium

126 1601 423 1654 temporum,
465 1590 702 1654 pietatem
747 1590 1108 1640 humanitatem
1153 1592 1305 1641 fidem
1346 1590 1593 1640 defuisse?
1661 1589 1796 1650 nihil,

123 1671 326 1730 iudices,
368 1681 442 1720 est
477 1688 663 1733 eorum,
701 1672 805 1731 sed,
842 1688 991 1735 quam
1029 1681 1377 1736 tempestatem
1413 1688 1506 1721 nos
1541 1669 1795 1720 vobiscum

69 1781 110 1803 20
127 1769 231 1802 non
265 1751 560 1813 tulissemus,
586 1751 764 1802 metuit
793 1761 848 1801 ut
883 1768 994 1801 eam
1023 1751 1130 1816 ipse
1162 1762 1331 1816 posset
1363 1751 1543 1816 opibus
1572 1751 1671 1801 suis
1700 1768 1801 1801 sus-

126 1828 298 1884 tineress
367 1842 474 1882 tum
512 1834 719 1883 consilio
754 1843 957 1898 repente
998 1844 1189 1884 mutato
1223 1834 1316 1883 iter
1348 1851 1380 1884 a
1413 1833 1612 1884 Vibone
1649 1837 1800 1883 Brun-

127 1916 307 1966 disium
343 1925 471 1965 terra
503 1925 672 1980 petere
702 1916 940 1966 contendi
958 1935 973 1978 3
1009 1934 1125 1965 nam
1158 1916 1430 1966 maritimos
1462 1934 1633 1966 cursus
1664 1933 1800 1980 prae-

126 2000 360 2048 cludebat
394 1997 570 2047 hiemis
604 1999 908 2062 magnitudo.
1003 2001 1125 2048 XLI
1185 2016 1299 2048 cum
1332 1998 1500 2048 omnia
1529 1998 1613 2048 illa
1643 1998 1800 2047 muni·
1824 2011 1886 2060 9¹7

127 2080 269 2145 cipia,
297 2098 423 2144 quae
460 2090 574 2130 sunt
608 2098 638 2130 a
660 2082 859 2132 Vibone
885 2082 1211 2142 Brundisium,
1238 2081 1290 2130 in
1314 2083 1413 2132 fide
1438 2098 1563 2144 mea,
1593 2080 1797 2141 iudices,

67 2188 109 2218 25
129 2173 304 2224 essent,
331 2164 422 2213 iter
445 2163 566 2212 mihi
597 2173 759 2213 tutum
792 2163 958 2213 multis
989 2164 1330 2213 minitantibus
1362 2181 1544 2228 magno
1569 2180 1683 2212 cum
1708 2180 1799 2213 suo

129 2256 263 2296 metu
294 2247 652 2310 praestiterunt.
725 2246 1040 2296 Brundisium
1064 2247 1178 2297 veni
1201 2249 1279 2297 vel
1311 2246 1474 2310 potius
1504 2247 1571 2296 ad
1602 2245 1801 2296 moenia

128 2329 311 2379 accessi
320 2348 335 2391 3
370 2331 544 2378 urbem
575 2346 726 2378 unam
761 2329 881 2378 mihi
915 2329 1262 2379 amicissimam
1299 2328 1557 2390 declinavi,
1583 2345 1710 2392 quae
1745 2345 1799 2378 se

128 2412 275 2460 vellet
298 2411 463 2474 potius
489 2411 708 2461 exscindi
726 2428 875 2474 quarn
900 2428 928 2462 e
952 2428 1042 2461 suo
1067 2413 1333 2476 complexu
1353 2421 1407 2461 ut
1426 2411 1634 2474 eriperer
1655 2409 1798 2460 facile

128 2501 374 2555 pateretur
383 2512 397 2555 3
434 2493 487 2541 in
511 2495 679 2542 hortos
709 2510 789 2543 me
826 2495 897 2543 M.
925 2493 1099 2544 Laenii
1134 2493 1299 2543 Flacci
1334 2493 1536 2554 contuli,
1568 2490 1649 2542 cui
1682 2509 1796 2542 cum

72 2595 112 2626 ³0
131 2574 291 2623 omnis
315 2584 488 2635 metus,
510 2573 779 2639 publicatio
803 2576 1062 2635 bonorum,
1089 2575 1327 2636 exsilium,
1347 2591 1478 2623 mors
1503 2590 1798 2638 proponere-

130 2664 220 2715 tur,
247 2657 371 2705 haec
401 2656 603 2720 perpeti,
631 2656 671 2705 si
702 2655 997 2718 acciderent,
1022 2657 1195 2706 maluit
1218 2673 1368 2720 quam
1399 2655 1675 2706 custodiam
1700 2656 1798 2706 mei

130 2736 302 2800 capitis
336 2737 578 2787 dimittere
589 2756 602 2799 3
641 2737 778 2786 cuius
814 2754 907 2801 ego
942 2747 992 2788 et
1026 2738 1242 2802 parentis
1279 2737 1396 2798 eius,
1430 2737 1797 2802 prudentissimi

128 2827 276 2881 atque
312 2819 484 2884 optimi
520 2819 664 2882 seniS,
692 2829 741 2870 et
775 2820 931 2870 fratris
963 2830 1011 2871 et
1040 2821 1291 2885 utriusque
1326 2820 1537 2871 filiorum
1572 2821 1798 2872 manibus
