2046 3112
158 154 182 214 ἓ
212 148 295 218 74]
871 149 1124 198 NOTES
1733 145 1823 204 165

238 260 269 297 1.
310 262 373 298 33.
431 261 551 299 dicta
588 261 641 299 de
677 260 842 306 scripto
876 256 964 306 est]
1014 257 1123 295 ‘was
1155 254 1364 295 delivered
1397 253 1502 293 srom
1533 250 1625 292 Ms.’
1683 250 1830 290 Cicero

160 313 340 352 reminds
361 312 430 352 the
450 320 564 352 court
584 313 631 352 of
646 313 726 352 this
746 313 788 351 in
807 312 928 351 order
953 317 996 350 to
1015 310 1181 349 obviate
1207 310 1277 349 the
1305 307 1515 359 objection
1537 306 1625 346 that
1645 305 1758 344 what
1777 305 1830 344 he

159 366 241 406 had
262 367 350 406 said
371 367 418 405 of
435 367 625 407 Plancius
646 367 687 406 in
713 367 801 406 that
822 365 984 404 oration
1004 377 1088 403 was
1114 377 1138 403 a
1158 363 1420 415 supplement
1447 361 1583 400 added
1604 359 1716 399 since
1735 364 1828 398 tem·

149 421 270 472 poris
296 434 432 461 causa.
494 423 560 460 On
582 421 652 459 the
681 426 841 460 custom
869 419 917 458 of
940 418 1169 470 delivering
1194 418 1357 457 written
1385 415 1569 455 orations
1608 413 1660 453 cf.
1689 426 1749 452 or.
1783 425 1824 465 p.

159 474 269 514 Sest.
290 476 311 523 ἓ
338 488 425 530 129,
450 488 510 514 or.
534 474 639 514 Phil.
667 484 682 513 1
703 476 724 522 §
748 487 783 525 3,
810 483 840 513 Χ
860 474 881 522 ἓ
902 484 941 522 5.

236 558 365 596 homo
385 556 579 606 astutus]
598 555 824 607 ironically.

237 641 287 674 ι’.
325 640 405 682 31,
435 638 467 675 1.
499 640 536 676 1.
597 638 638 675 ei
667 646 736 675 me
767 638 992 681 dedebam,
1023 635 1110 684 cul]
1146 635 1193 674 ‘1
1220 634 1399 675 devoted
1427 633 1579 686 myself
1602 640 1645 673 to
1676 647 1755 674 one
1786 641 1828 674 to

156 690 296 729 whom
327 688 421 729 etc.’
479 689 544 729 Cf.
572 690 624 729 de
654 690 732 741 leg.
770 700 805 729 11
836 692 860 738 ἓ
893 702 914 740 5
937 697 1019 741 pro
1047 702 1130 741 qua
1162 689 1327 741 (patria)
1359 689 1468 727 mori
1494 694 1532 727 et
1551 689 1622 727 cui
1640 702 1711 728 nos
1735 694 1830 727 totos

156 745 326 784 dedere
355 744 551 791 debemus,
584 745 636 783 de
667 758 750 796 rep.
780 746 858 792 11§
884 756 897 782 1
922 745 991 782 cui
1019 744 1205 793 (Catoni)
1236 757 1299 781 me
1325 748 1453 782 totum
1481 743 1531 782 ab
1559 743 1827 782 adulescentia

156 799 248 837 ded
253 799 270 838 i
275 799 326 837 di
333 826 343 836 .
402 798 592 838 Deberem
613 798 646 838 is
666 797 928 838 consecutive
946 797 1205 849 subjunctive
1226 797 1326 836 with
1346 798 1426 837 cui.

237 883 266 919 1.
289 885 327 919 2.
365 883 497 919 huius
517 881 644 918 officit
658 881 777 918 tanti
796 876 1212 928 servitutemJ=hoe
1231 883 1391 917 tantum
1412 876 1606 925 officium,
1627 890 1710 929 quo
1726 883 1826 917 tam-

157 948 281 986 quam
298 948 436 974 servos
455 933 595 972 Planci
612 933 741 972 factus
755 945 858 979 sum,
876 945 999 983 quem
1021 932 1063 970 in
1079 931 1261 983 parentis
1278 932 1372 971 loco
1388 931 1541 970 habere
1556 932 1746 971 debeam.
1768 941 1824 971 W.

157 990 402 1028 Translate:
443 989 488 1027 ‘I
521 987 659 1027 scaled
691 985 765 1038 (lit.
796 986 938 1025 bound
964 985 1130 1037 tighter)
1158 999 1228 1037 my
1260 985 1488 1037 obligation
1514 985 1576 1024 sor
1604 985 1686 1025 this
1713 992 1827 1038 great

156 1044 311 1083 service
341 1044 397 1095 by
427 1055 452 1081 a
483 1042 703 1092 testimony
728 1040 864 1079 which
895 1040 1044 1079 should
1070 1040 1148 1079 last
1175 1039 1239 1078 for
1261 1037 1383 1078 ever!
1442 1040 1526 1078 For
1553 1039 1624 1079 the
1646 1040 1827 1091 genitive

156 1098 278 1148 offi'ciz'
293 1097 345 1137 cf.
370 1111 411 1136 n.
436 1102 479 1135 to
500 1099 520 1144 ξ
544 1108 590 1145 72
613 1095 639 1134 1.
668 1106 688 1144 5
707 1108 718 1142 3
748 1095 831 1133 and
853 1094 913 1132 for
934 1094 1003 1132 the
1024 1094 1218 1145 meaning
1237 1093 1284 1132 of
1306 1093 1577 1144 astringebam
1602 1095 1654 1133 de
1675 1093 1742 1134 off.
1770 1104 1824 1133 111

156 1154 179 1199 ξ
206 1163 216 1189 1
233 1164 278 1203 13
299 1151 326 1190 l.
354 1150 414 1199 16,
442 1151 555 1189 Brut.
580 1150 602 1197 ἓ
621 1161 675 1200 40
693 1148 947 1200 Lycurgum,
971 1160 998 1186 a
1016 1161 1094 1200 quo
1111 1153 1168 1187 est
1182 1147 1400 1200 disciplina
1419 1148 1826 1188 Lacedaemoniorum

155 1206 370 1250 astricta
389 1204 550 1256 legibus.

235 1286 267 1322 1.
296 1288 334 1322 3.
389 1285 490 1322 nolo
510 1282 914 1331 cetera-recinam]
943 1282 1155 1323 suffecerat
1175 1283 1286 1323 enim
1305 1283 1358 1323 de
1378 1297 1427 1323 ea
1454 1282 1640 1323 oratione
1659 1283 1823 1329 dixisse,

155 1352 238 1391 qua
270 1337 336 1376 vel
369 1337 527 1376 senatui
563 1338 626 1376 vel
660 1338 815 1390 populo
849 1337 1000 1388 gratias
1023 1338 1122 1389 egit.
1179 1338 1304 1377 Nunc
1327 1344 1466 1377 autem
1496 1344 1537 1377 et
1565 1338 1617 1377 de
1642 1339 1825 1378 versibus

155 1394 238 1433 suis
268 1391 401 1431 facere
437 1391 690 1430 mentionem
727 1392 900 1439 videtur,
941 1404 1045 1443 quos
1081 1391 1417 1444 intempestivum
1455 1391 1508 1431 sit
1553 1392 1596 1431 in
1642 1392 1823 1432 iudiciali

156 1446 442 1486 dissertatione
463 1446 645 1485 recitare.
709 1445 809 1484 Non
830 1445 964 1496 potuit
990 1451 1129 1485 tamen
1155 1446 1197 1484 in
1226 1452 1357 1485 totum
1378 1446 1430 1485 de
1450 1446 1484 1486 is
1503 1452 1650 1486 tacere.
1711 1447 1823 1485 Nam

155 1502 208 1540 de
241 1500 455 1540 consulatu
493 1513 566 1539 suo
604 1499 764 1551 scripsit
804 1500 966 1551 poetico
1005 1506 1149 1547 metro,
1193 1513 1298 1551 quae
1336 1500 1439 1539 mihi
1476 1500 1668 1539 videntur
1697 1515 1823 1552 opera

155 1555 290 1594 minus
318 1555 455 1606 digna,
473 1554 565 1593 talis
596 1554 670 1592 viri
699 1558 879 1593 nomine.
939 1564 1101 1593 SCIIOL.
1138 1564 1235 1594 BOB.
1299 1554 1446 1594 Cicero
1474 1562 1601 1594 wrote
1629 1556 1823 1594 memoirs

155 1610 203 1649 of
227 1609 291 1648 his
323 1608 561 1660 consulship
594 1609 636 1646 in
668 1608 806 1647 Greek
838 1608 961 1647 Prose
992 1608 1035 1647 in
1060 1618 1098 1647 B.
1114 1619 1152 1648 C.
1189 1607 1244 1648 60
1278 1608 1361 1660 (ep.
1390 1609 1444 1647 ad
1475 1610 1564 1648 Att.
1598 1619 1613 1648 I
1649 1621 1696 1662 19
1722 1612 1743 1657 ἓ
1775 1622 1823 1648 10

154 1663 490 1702 commentarium
520 1662 751 1701 consulatus
784 1662 865 1701 mei
898 1658 1390 1713 (ἕναεῖἱῗῖῖῆῖῆύῦἶιίπ
1371 1663 1471 1702 misi
1503 1664 1563 1702 ad
1594 1661 1644 1715 te)
1679 1665 1760 1702 and
1794 1677 1818 1702 a

156 1717 280 1757 Latin
300 1730 423 1770 poem
444 1729 498 1755 on
518 1716 588 1755 the
609 1730 720 1756 same
739 1716 1821 1810 tlffQsz-lw

154 1771 202 1811 of
226 1771 375 1818 which,
412 1771 637 1822 consisting
667 1770 715 1809 of
747 1782 767 1822 7
853 1777 1092 1819 exameters‚
1123 1784 1156 1810 ls
1186 1772 1340 1823 quoted
1370 1772 1412 1810 in
1473 1785 1495 1810 6
1522 1771 1606 1811 div.
1637 1782 1653 1811 1
1684 1785 1719 1811 c.
1751 1786 1822 1811 11:

153 1826 241 1865 also
262 1826 372 1864 what
392 1838 475 1864 was
495 1825 698 1876 probably
717 1838 742 1864 a
770 1825 1056 1865 continuation
1084 1825 1132 1864 of
1155 1825 1236 1864 this
1264 1825 1308 1864 in
1337 1825 1452 1865 three
1482 1826 1622 1866 Books
1649 1826 1697 1864 de
1724 1832 1820 1865 tem-

143 1880 315 1933 poribus
341 1880 429 1918 suis
461 1886 504 1918 to
533 1879 668 1918 which
694 1878 746 1918 he
779 1879 904 1918 refers
927 1879 970 1918 in
1003 1892 1069 1931 ep.
1097 1879 1151 1918 ad
1175 1879 1273 1918 fam.
1296 1889 1312 1918 1
1341 1891 1366 1931 9
1393 1881 1414 1928 ἓ
1443 1893 1492 1932 23
1523 1881 1670 1932 scripsi
1697 1881 1821 1919 etiam

153 1935 332 1974 versibus
350 1939 430 1972 tres
447 1933 572 1972 libros
590 1933 644 1971 de
669 1933 967 1984 temporibus
996 1934 1133 1978 meis,
1157 1947 1255 1986 quos
1276 1933 1362 1973 iam
1381 1935 1543 1985 pridem
1563 1935 1622 1974 aa'
1635 1940 1672 1974 te
1688 1936 1819 1973 mesis-

151 2002 247 2034 sem,
285 1988 325 2027 sz'
365 2001 442 2027 esse
474 1988 639 2027 edendos
666 1993 1027 2038 putassem—sunt
1062 1989 1172 2027 enim
1209 1993 1318 2028 testes
1353 1995 1392 2027 ct
1425 1994 1553 2028 erunt
1586 1990 1825 2040 sempiterni

153 2043 391 2082 meritorum
411 2054 506 2092 erga
527 2055 589 2080 me
605 2047 770 2080 tuorum
790 2055 973 2092 meaeque
987 2037 1221 2094 pietatis—,
1241 2042 1320 2089 sed,
1341 2043 1441 2094 quia
1459 2043 1626 2083 verebar
1644 2057 1726 2083 non
1746 2057 1819 2090 cos,

151 2098 227 2150 qui
248 2110 289 2136 se
316 2097 438 2136 laesos
465 2096 979 2136 arbitrarentur—clmim
1007 2096 1055 2135 id
1065 2096 1156 2148 feci
1175 2103 1301 2148 parce
1326 2102 1366 2136 et
1393 2097 1636 2145 molliter—,
1662 2097 1732 2136 sea'
1746 2111 1818 2143 cos,

151 2164 251 2204 quos
280 2155 370 2190 erat
400 2150 621 2202 infinitum
654 2150 748 2189 bene
781 2150 830 2189 de
865 2163 928 2189 me
962 2151 1120 2190 meritos
1156 2151 1289 2190 onmis
1326 2152 1542 2190 nominare
1568 2149 1591 2170 ⁴*
1622 2150 1645 2170 '⁶
1663 2166 1678 2196 ,·
1724 2165 1821 2203 qnos

152 2212 288 2245 tamen
314 2205 418 2256 iosos
445 2204 580 2251 libros,
601 2203 642 2243 sz·
662 2217 790 2256 quem,
815 2205 884 2243 cuz·
905 2210 1005 2243 recte
1022 2206 1283 2253 committam,
1309 2205 1512 2251 invenero,
1533 2205 1679 2244 curabo
1703 2206 1761 2244 ad
1785 2212 1820 2244 le

143 2259 406 2312 perferendos.
463 2258 582 2310 They
602 2258 821 2298 contained
841 2271 895 2297 an
913 2266 1087 2298 account
1116 2259 1164 2297 of
1187 2259 1250 2298 his
1276 2259 1503 2312 sufferings,
1529 2260 1592 2298 his
1612 2259 1717 2299 exile
1737 2261 1818 2299 and

153 2313 289 2354 recall.
346 2314 450 2352 Two
479 2312 582 2351 lines
610 2313 708 2363 only
736 2312 892 2351 remain
923 2313 1084 2363 (Quint.
1112 2321 1162 2351 xl
1191 2322 1209 2362 ¹1
1232 2314 1252 2360 ἓ
1275 2326 1325 2363 24
1349 2314 1430 2352 and
1462 2323 1511 2353 IX
1539 2331 1564 2364 4
1591 2315 1612 2362 ἓ
1639 2315 1722 2363 41),
1749 2314 1818 2352 the

153 2369 310 2407 famous
346 2368 490 2406 cedant
519 2379 642 2405 arma
678 2371 799 2417 togae,
832 2367 1016 2406 concedat
1050 2367 1195 2406 lam'ea
1232 2367 1352 2405 laudi
1382 2367 1466 2407 and
1501 2381 1525 2406 0
1546 2368 1818 2420 fortunatam

152 2427 293 2461 natam
312 2434 374 2460 me
390 2421 548 2461 consule
564 2421 752 2460 Romam.

228 2505 258 2542 1.
275 2506 312 2542 4.
346 2504 405 2542 ad
416 2501 607 2550 tempus]
634 2503 644 2521 ‘
657 2500 719 2540 sor
738 2501 808 2541 the
827 2500 1049 2550 occasion‚’
1068 2503 1151 2542 ‘for
1169 2502 1239 2542 the
1251 2499 1414 2551 nonce,’
1426 2515 1493 2554 ep.
1508 2502 1561 2541 ad
1581 2502 1677 2542 fam.
1693 2512 1724 2541 x
1737 2514 1774 2553 9,
1793 2518 1816 2555 3

149 2557 216 2596 ad
231 2563 420 2608 tempus
437 2557 653 2595 consilium
671 2555 846 2607 capiam,
870 2556 962 2595 Liv.
982 2566 1137 2596 XXVIII
1168 2570 1233 2605 42,
1259 2567 1280 2606 5
1302 2557 1390 2595 dux
1416 2557 1596 2595 militari
1619 2557 1818 2608 suffragio

149 2611 210 2650 ad
227 2617 411 2657 tempus
427 2610 563 2656 lectus,
592 2619 645 2647 III
667 2608 732 2659 64,
758 2610 905 2661 4forte
920 2610 1098 2662 quadam
1120 2611 1222 2649 utili
1239 2611 1303 2649 ad
1317 2616 1522 2663 tempus,
1547 2611 1636 2652 Cic.
1661 2612 1713 2652 de
1732 2626 1813 2652 aiu.

149 2669 170 2714 ἥ
193 2677 255 2716 53.
315 2664 382 2704 Cf.
403 2663 590 2716 temporis
608 2676 743 2711 causa,
767 2667 789 2712 3·
813 2677 858 2715 72
883 2663 908 2702 l.
933 2677 996 2716 33,
1019 2665 1040 2713 g
1064 2678 1111 2716 74
1135 2664 1160 2704 l.
1189 2663 1254 2705 26.
