2046 3112
237 147 293 192 18
655 144 732 191 M.
777 143 1005 191 TVLLI
1047 142 1457 192 CICERONIS
1590 139 1793 208 [XVIII
1822 159 1886 201 44

227 257 433 304 libenter
459 254 694 311 audirent,
723 267 814 300 nos
846 268 948 300 non
983 250 1155 300 timide
1191 251 1545 300 confiteremur.
1617 249 1719 300 noli
1754 249 1884 300 enim

227 344 410 397 putare,
454 332 744 391 LaterensiS,
793 330 981 394 legibus
1027 330 1145 388 istis,
1194 345 1315 392 quas
1362 340 1559 379 senatus
1600 331 1663 380 de
1697 330 1887 379 ambitu

226 415 400 463 sanciri
445 414 666 473 voluerit,
715 413 767 462 id
813 428 921 461 esse
967 421 1146 472 actum,
1192 420 1247 460 ut
1292 411 1585 474 suffragatiO,
1628 421 1683 460 ut
1729 412 1890 461 obser·

223 494 400 556 vantia‚
438 503 493 543 ut
531 493 683 557 gratia
720 493 998 541 tolleretur:
1047 508 1240 554 semper
1279 494 1472 541 fuerunt
1506 492 1594 541 viri
1630 490 1888 555 boni,‚qui

137 573 199 618 45
225 577 360 637 apud
394 575 582 624 tribulis
623 591 736 623 suos
771 573 967 636 gratiosi
1004 589 1110 622 esse
1146 574 1339 622 vellent.
1430 589 1593 636 neque
1629 589 1745 623 vero
1786 583 1888 622 tam
1936 600 1954 629 5

225 656 374 703 durus
397 655 448 703 in
471 657 669 718 plebem
695 665 861 703 noster
885 655 1007 703 ordo
1030 654 1135 713 fuit,
1162 663 1215 702 ut
1240 671 1349 703 eam
1378 655 1474 704 coli
1505 664 1672 703 nostra
1694 655 1891 704 modica

225 737 513 785 liberalitate
536 735 760 795 noluerit,
784 752 944 798 neque
976 737 1077 796 hoc
1105 735 1269 784 liberis
1293 736 1471 785 nostris
1496 735 1887 785 interdicendum
2039 734 2046 806 1

227 827 313 875 est,
357 835 419 866 ne
466 819 727 866 observent
772 816 961 865 tribulis
999 832 1128 876 suos,
1171 832 1235 865 ne
1281 817 1502 879 diligant,
1543 833 1608 865 ne
1648 818 1891 866 conficere

225 897 508 946 necessariis
544 895 643 945 suis
679 913 816 945 suam
852 896 1033 944 tribum
1068 895 1274 959 possint,
1301 913 1366 945 ne
1400 912 1489 959 par
1521 898 1585 946 ab
1618 897 1687 946 eis
1709 913 1890 945 munus

225 979 275 1026 in
308 994 396 1025 sua
430 977 668 1040 petitione
704 987 1019 1039 exspectent:
1068 979 1191 1026 haec
1226 977 1357 1025 enim
1399 978 1547 1040 plena
1581 987 1695 1041 sunt
1726 976 1887 1036 officii,
1914 1008 1953 1028 ω

226 1061 374 1121 plena
397 1058 751 1118 observantiae,
777 1060 925 1121 plena
957 1058 1105 1107 etiam
1129 1057 1446 1121 antiquitatis.
1517 1058 1614 1107 isto
1638 1057 1689 1106 in
1712 1073 1890 1121 genere

226 1150 274 1188 et
314 1140 493 1188 fuimus
534 1139 640 1202 ipsi,
681 1156 792 1187 cum
840 1139 1122 1188 ambitionis
1168 1149 1364 1188 nostrae
1404 1149 1629 1202 tempora
1673 1139 1890 1202 postula·

226 1224 360 1283 bant,
389 1231 438 1270 et
472 1220 766 1269 clarissimos
800 1220 928 1268 viros
964 1236 1071 1268 esse
1107 1219 1318 1268 vidimus
1353 1229 1401 1269 et
1437 1220 1586 1269 hodie
1618 1236 1724 1269 esse
1757 1221 1892 1269 volu·

227 1317 336 1349 mus
351 1316 499 1363 quam
519 1299 752 1363 plurimos
775 1300 1034 1362 gratiosos:
1065 1298 1332 1348 decuriatio
1357 1299 1618 1357 tribulium,
1639 1299 1891 1363 discriptio

227 1382 410 1446 populi,
447 1381 676 1443 suffragia
709 1380 963 1443 largitione
1002 1379 1231 1428 devincta
1268 1381 1572 1429 severitatem
1608 1392 1806 1430 senatus
1841 1393 1890 1431 et
1914 1409 1951 1437 ις

227 1465 470 1511 bonorum
507 1459 958 1528 oinramac
983 1459 1206 1508 dolorem
1234 1460 1518 1510 excitarunt.
1593 1462 1716 1510 haec
1747 1463 1887 1521 doce,

228 1545 350 1592 haec
384 1544 559 1606 profer,
586 1542 684 1590 huc
715 1541 961 1596 incumbe,
979 1534 1281 1601 ‘Laterensis
1306 1542 1582 1591 decuriasse
1618 1543 1890 1602 Plancium,

229 1623 586 1687 conscripsisse,
612 1632 913 1685 sequestrem
933 1622 1095 1683 fuisse,
1123 1623 1479 1685 pronuntiasse,
1507 1623 1751 1674 divisisse.
1785 1634 1891 1674 tum

229 1705 440 1753 mirabor
474 1713 523 1752 te
557 1703 625 1752 eis
649 1702 795 1750 armis
825 1702 909 1761 uti,
936 1718 1065 1764 quae
1099 1702 1187 1751 tibi
1217 1704 1294 1751 lex
1327 1704 1488 1762 dabat,
1515 1703 1744 1754 noluisse.
1815 1705 1892 1754 tri-

228 1785 422 1834 bulibus
460 1783 591 1832 enim
638 1782 881 1830 iudicibus
921 1799 1024 1830 non
1070 1784 1222 1831 modo
1263 1783 1571 1833 severitatem
1606 1784 1814 1846 illorum,
1851 1803 1891 1834 Sl
1913 1817 1951 1836 ω
2042 1787 2046 1810 ¹

140 1871 202 1917 46
229 1867 321 1915 ista
348 1882 461 1914 vera
496 1874 623 1924 sunt,
653 1865 741 1912 sed
772 1880 836 1912 ne
859 1865 1021 1912 voltus
1053 1864 1253 1926 quidem
1285 1866 1407 1913 ferre
1441 1881 1709 1928 possemus.
1764 1868 1892 1915 hanc

230 1958 284 1996 tu
316 1947 555 1995 rationem
586 1963 700 1994 cum
736 1945 913 2008 fugeris
951 1962 1063 1994 cum
1099 1962 1185 1994 eos
1222 1945 1408 1995 iudices
1444 1949 1625 1996 habere
1661 1948 1889 2009 nolueris,

232 2045 440 2091 quorum
496 2028 547 2076 in
599 2027 740 2076 huius
803 2028 984 2076 delicto
1040 2045 1152 2075 cum
1208 2028 1410 2077 scientia
1469 2029 1738 2078 certissima
1786 2040 1890 2079 tum

231 2110 370 2157 dolor
406 2107 716 2171 gravissimus
755 2124 861 2156 esse
897 2107 1136 2166 debuerit,
1174 2108 1294 2170 quid
1330 2109 1463 2171 apud
1499 2110 1590 2158 hos
1625 2109 1773 2169 dices,
1808 2110 1892 2173 qui

231 2192 317 2240 abs
353 2200 401 2239 te
436 2190 570 2238 taciti
605 2189 854 2252 requirunt
890 2206 974 2237 cur
1011 2189 1102 2238 sibi
1138 2191 1234 2238 hoc
1270 2189 1431 2238 oneris
1467 2189 1769 2252 imposueris,
1806 2208 1893 2239 cur
1913 2216 1953 2245 25

233 2289 284 2321 se
323 2271 633 2335 potissimum
669 2270 920 2333 delegeris,
957 2288 1042 2319 cur
1077 2270 1292 2333 denique
1329 2288 1381 2319 se
1415 2271 1632 2320 divinare
1666 2271 1893 2321 malueris

234 2370 379 2416 quam
428 2369 526 2412 eOS,
576 2352 661 2414 qui
709 2352 901 2411 scirent,
951 2352 1201 2400 iudicare?
1300 2354 1429 2400 XIX
1486 2368 1577 2414 ego
1623 2352 1890 2413 Plancium,

236 2436 524 2494 Laterensis,
552 2445 600 2483 et
634 2435 796 2497 ipsum
827 2434 1093 2496 gratiosum
1125 2449 1233 2482 esse
1266 2433 1379 2482 dico
1403 2442 1452 2482 et
1475 2433 1702 2482 habuisse
1732 2434 1782 2481 in
1813 2451 1895 2497 pe-

234 2517 407 2565 titione
431 2518 612 2564 multos
638 2515 843 2578 cupidos
869 2515 943 2564 sui
967 2514 1216 2578 gratiosos,
1241 2532 1364 2578 quos
1389 2525 1442 2563 tu
1467 2514 1508 2563 si
1531 2515 1711 2563 sodalis
1728 2532 1890 2576 vocas,

233 2596 499 2644 officiosam
531 2595 794 2644 amicitiam
829 2594 1029 2643 nomine
1064 2594 1292 2657 inquinas
1328 2594 1619 2643 criminoso:
1655 2594 1744 2654 sin,
1778 2596 1894 2658 quia
1915 2619 1954 2648 30

231 2677 430 2739 gratiosi
466 2677 577 2738 sint,
606 2677 910 2726 accusandos
946 2685 1105 2739 putas,
1132 2676 1233 2724 noli
1265 2676 1426 2724 mirari
1461 2686 1511 2724 te
1544 2675 1610 2736 id,
1641 2677 1777 2738 quod
1808 2686 1892 2725 tua

231 2758 442 2820 dignitas
483 2759 751 2821 postularit,
794 2757 1111 2821 repudiandis
1162 2757 1483 2819 gratiosorum
1525 2756 1749 2805 amicitiis
1789 2773 1890 2807 non

143 2840 206 2888 4¹7
231 2855 337 2889 esse
373 2841 676 2888 adsecutum.
747 2856 863 2887 nam
894 2849 950 2888 ut
977 2853 1070 2903 ego
1095 2839 1254 2888 doceo
1277 2838 1541 2902 gratiosum
1580 2854 1687 2887 esse
1717 2837 1770 2887 in
1804 2854 1893 2887 sua
