2046 3112
846 733 1180 795 INDEX
1255 732 1282 794 1

469 945 1025 997 GEOGRAPHICUS
1073 944 1165 991 ET
1213 941 1645 992 HISTORICUS

230 1168 346 1208 ΜΒ.
404 1169 461 1208 In
479 1168 692 1220 refirences
710 1174 748 1209 to
766 1170 833 1209 the
859 1170 961 1209 Text
978 1167 1157 1220 thefirst
1171 1167 1313 1220 figure
1331 1165 1395 1219 (in
1416 1168 1555 1219 larger
1572 1165 1676 1218 type)
1698 1164 1893 1204 indicates

333 1234 400 1274 tlze
415 1235 557 1275 section
570 1248 590 1283 ,,·
618 1236 683 1274 tlze
699 1236 842 1275 second
858 1236 924 1285 (in
942 1236 1110 1275 smaller
1125 1235 1229 1287 type)
1250 1234 1440 1275 indicates
1459 1234 1525 1274 tlze
1544 1234 1627 1273 line
1643 1231 1696 1285 of
1707 1231 1773 1271 the
1787 1237 1895 1282 page

335 1304 470 1344 where
486 1304 553 1344 tlze
570 1304 689 1343 word
703 1316 853 1343 occurs.

1035 1468 1076 1506 A

227 1560 278 1599 L.
319 1560 467 1599 Accius
507 1557 559 1611 (a.
603 1560 830 1611 170—104)
864 1560 1000 1612 gravis
1032 1565 1074 1600 et
1111 1559 1346 1612 ingeniosus
1383 1565 1520 1611 poeta,
1558 1556 1645 1598 eius
1681 1553 1894 1607 tragoedia

282 1626 463 1666 Atreus
485 1626 535 1665 59
560 1636 606 1677 17

229 1696 279 1734 L.
308 1695 454 1734 Aelius
484 1695 653 1742 Lamia,
686 1708 810 1747 eques
845 1696 1068 1744 Romanus,
1097 1695 1253 1735 amicus
1277 1693 1500 1741 Ciceronis,
1531 1706 1557 1732 a
1589 1691 1741 1732 Clodio
1773 1703 1811 1729 a.
1841 1691 1893 1740 58

282 1763 497 1815 relegatus,
522 1764 634 1816 quod
657 1764 862 1803 Catilinae
891 1763 1172 1803 coniuratione
1201 1763 1406 1816 patefacta
1436 1766 1624 1801 senatum
1654 1758 1894 1798 defenderat

283 1832 334 1871 87
356 1845 407 1882 24

228 1900 280 1938 L.
314 1899 460 1938 Aelius
498 1899 664 1947 Tubero,
703 1898 917 1938 Ciceronis
954 1898 1216 1947 necessarius,
1255 1911 1379 1950 quem
1417 1897 1469 1936 de
1507 1896 1667 1935 insidiis
1704 1895 1892 1934 adversa-

283 1968 435 2007 riorum
456 1968 680 2015 admonuit,
705 1967 864 2019 legatus
886 1967 940 2018 Q.
963 1967 1154 2007 Ciceroni
1172 1969 1216 2007 in
1236 1967 1340 2007 Asia
1358 1965 1570 2019 provincia
1589 1963 1669 2002 100
1689 1973 1738 2014 27

230 2034 382 2086 Africa
401 2034 626 2086 provincia,
647 2040 869 2086 antequam
889 2034 943 2073 ad
962 2034 1178 2086 Thapsum
1197 2040 1425 2086 pugnatum
1450 2038 1525 2078 est,
1546 2030 1896 2083 complectebatur

284 2101 483 2153 quidquid
505 2100 912 2152 Karthaginiensium
932 2101 1032 2140 olim
1052 2101 1195 2150 fuerat,
1221 2101 1437 2153 omnisque
1465 2106 1592 2139 terras
1620 2099 1726 2138 inter
1743 2103 1892 2136 utram-

284 2182 364 2221 que
403 2169 542 2219 Syrtin
579 2169 645 2208 vel
683 2168 817 2208 omnis
853 2168 897 2207 in
937 2182 1009 2208 ora
1046 2175 1173 2210 terras
1210 2170 1308 2209 inde
1353 2183 1379 2209 a
1420 2170 1556 2208 Tusca
1592 2168 1631 2208 fl.
1675 2179 1805 2218 usque
1841 2165 1895 2204 ad

288 2236 572 2287 Cyrenaicam.
631 2235 768 2275 Urbes
789 2235 927 2281 Utica,
949 2236 1155 2288 Thapsus,
1178 2237 1322 2289 Leptis
1340 2237 1487 2286 minor,
1514 2235 1706 2283 Acholla,
1732 2234 1887 2281 Usatis,

284 2303 494 2349 Teudalis,
517 2302 837 2348 Hadrumetum,
858 2307 952 2354 post
972 2315 1011 2341 a.
1033 2302 1087 2354 46
1105 2303 1277 2343 accessit
1301 2302 1430 2343 altera
1454 2301 1668 2354 provincia
1694 2302 1736 2340 N
1740 2300 1895 2340 umidia

286 2370 338 2411 27
362 2372 410 2411 18

235 2442 282 2481 P.
302 2440 538 2493 Africanus
551 2455 564 2480 :
594 2453 634 2478 v.
655 2452 688 2478 s.
710 2438 847 2491 Scipio

232 2507 424 2546 Albanus
452 2519 579 2555 mons,
602 2507 645 2546 h.
668 2511 835 2545 monte
862 2505 1011 2554 Cavo,
1041 2504 1156 2544 iuxta
1174 2504 1402 2545 Tusculum
1423 2509 1466 2544 et
1491 2503 1600 2543 viam
1625 2501 1822 2555 Appiam,
1851 2500 1896 2542 in

287 2587 370 2627 quo
409 2574 590 2613 Romani
627 2579 667 2613 et
706 2573 846 2613 Latini
882 2573 1035 2613 ferias
1065 2572 1272 2612 Latinas
1301 2571 1522 2625 quotannis
1549 2570 1813 2611 celebrabant
1850 2570 1894 2610 in

287 2642 529 2682 memoriam
549 2642 611 2682 sui
630 2642 806 2682 foederis
826 2643 879 2681 23
899 2658 924 2693 4

239 2711 286 2750 C.
323 2709 465 2762 Affius
495 2710 665 2758 Flavus,
704 2709 860 2748 amicus
893 2708 1121 2759 Ciceronis,
1156 2714 1206 2750 tr.
1245 2708 1301 2760 pl.
1338 2721 1376 2747 a.
1414 2719 1476 2761 59,
1510 2720 1547 2746 a.
1578 2715 1630 2757 54
1658 2712 1822 2757 praetor
1855 2712 1896 2746 et

288 2777 494 2830 quaesitor
513 2777 556 2816 in
575 2790 696 2817 causa
717 2778 797 2817 Cn.
819 2777 989 2818 Planeii.
