2046 3112
285 117 378 163 228
576 117 726 166 PRO
779 117 886 165 CN.
924 118 1258 167 PLANCIO
1326 119 1581 166 INDEX
1620 120 1662 166 I

1089 272 1129 310 V

293 366 464 413 Vaccaei,
482 366 659 418 populus
679 366 910 419 Hispaniae
925 367 1254 412 Tarraconensis,
1280 366 1333 406 84
1358 366 1404 408 16

282 434 333 474 L.
376 433 561 472 Valerius
586 434 769 479 Flaccus,
799 440 963 486 praetor
987 447 1026 473 a.
1051 433 1101 485 63
1128 434 1316 473 Ciceroni
1343 448 1510 486 operam
1540 435 1742 487 praestitit
1768 435 1811 476 in
1840 449 1950 476 com-

338 500 645 552 prehendendis
673 500 818 552 legatis
846 501 1123 552 Allobrogum
1152 501 1204 539 88
1233 500 1272 548 6,
1297 502 1618 553 repetundarum
1647 515 1696 541 ex
1726 502 1831 542 Asia
1857 516 1951 555 pro-

338 566 487 612 vincia,
504 579 629 618 quam
644 579 720 618 pro
737 572 923 618 praetore
942 581 979 606 a.
1005 565 1055 605 62
1078 567 1326 614 obtinuerat,
1344 576 1557 607 accusatus
1582 569 1635 607 ab
1659 570 1885 609 Hortensio
1909 577 1950 609 et

341 635 540 675 Cicerone
559 635 749 674 defensus
770 641 842 675 est.
902 635 973 687 qui
987 635 1114 674 homo
1131 638 1139 674 !
1188 635 1258 687 qui
1277 635 1377 675 civis
1396 638 1405 675 ἔ
1452 636 1504 675 27
1527 649 1572 686 31

295 702 532 753 Venafrum,
574 703 775 754 oppidum
814 702 1070 755 Campaniae
1111 703 1454 755 septentrionalis,
1487 703 1539 741 22
1578 702 1652 743 26:
1694 704 1791 744 inde
1828 705 1952 744 Vena-

327 771 491 822 franus
508 776 660 810 tractus
689 771 741 808 22
771 769 824 810 26

293 838 336 878 C.
371 839 579 890 Vergilius,
603 852 694 878 cum
723 853 798 891 pro
826 846 1015 892 praetore
1043 847 1148 880 esset
1177 841 1220 880 in
1251 841 1404 889 Sicilia,
1431 841 1671 880 Ciceronem
1693 841 1872 881 exsulem
1903 855 1953 882 eo

340 905 479 944 venire
498 905 630 945 noluit
650 906 702 946 95
727 920 787 954 10,
815 906 868 946 96
893 917 939 958 17

299 972 406 1022 Vibo,
425 973 624 1025 oppidum
642 975 895 1014 Bruttiorum
908 975 961 1014 ad
977 974 1112 1014 sinum
1125 975 1373 1014 Terinaeum
1387 975 1508 1027 (gtoo
1526 961 1708 1014 disant,
1723 976 1951 1027 Eufemz'a),

341 1040 466 1080 hodie
493 1041 658 1080 Bivona
681 1055 811 1094 prope
837 1042 1137 1088 Monte-Leone,
1166 1043 1267 1081 olim
1298 1042 1467 1094 Hippo
1493 1042 1662 1091 dictum,
1685 1043 1955 1096 municipium

343 1107 434 1159 lege
463 1108 584 1157 Iulia,
618 1109 691 1149 Gr.
730 1108 945 1156 Ιππώνιον,
975 1116 1195 1162 postquam
1224 1124 1263 1150 a.
1298 1123 1369 1162 192
1401 1110 1565 1150 colonia
1593 1124 1643 1149 eo
1671 1111 1848 1150 deducta
1876 1119 1949 1160 est,

346 1175 443 1215 Vibo
470 1176 659 1215 Valentia
689 1176 740 1216 96
763 1189 826 1225 ⁴21,
851 1177 903 1218 97
928 1191 977 1228 14

292 1241 447 1281 Lucius
494 1243 691 1283 Volcatius
736 1244 892 1290 Tullus,
935 1243 1188 1283 aedilitatem
1230 1248 1373 1296 petens
1411 1244 1616 1296 repulsam
1654 1243 1764 1292 fert;
1812 1251 1955 1296 postea

347 1315 485 1349 tamen
513 1312 655 1350 consul
683 1311 757 1350 fuit
786 1325 820 1350 a.
844 1310 896 1352 66
924 1325 1018 1351 cum
1046 1313 1107 1351 M.
1141 1311 1322 1350 Aemilio
1342 1311 1504 1364 Lepido
1524 1310 1574 1349 51
1599 1323 1615 1350 1

303 1378 490 1426 Voltinia,
522 1379 651 1418 tribus
684 1380 884 1429 Romana,
920 1380 971 1418 38
1007 1389 1043 1430 5,
1078 1378 1129 1418 43
1164 1391 1224 1431 15,
1267 1392 1327 1432 19,
1361 1379 1412 1418 54
1447 1382 1517 1428 183
1547 1378 1655 1419 unde
1694 1379 1956 1419 Voltinienses

348 1444 400 1482 43
427 1443 471 1484 16
