2046 3112
209 97 237 146 6
645 95 724 143 M.
769 93 996 144 TVLLI
1038 92 1446 143 CICERONIS
1712 88 1781 159 [V
1809 106 1867 140 12

120 213 181 259 13
205 205 310 254 sine
345 202 558 267 ingenio,
595 202 697 252 vita
734 202 883 252 etiam
918 210 1206 265 contempta
1239 218 1298 250 ac
1333 201 1546 251 sordida.
1609 201 1873 252 ‘desidera-

205 292 316 332 runt
340 285 408 332 te'
434 283 595 346 inquit
621 283 774 332 ‘oculi
802 282 916 340 mei,
943 299 1056 330 curn
1088 292 1142 330 tu
1175 298 1307 331 esses
1344 282 1580 345 Cyrenis:
1620 298 1702 332 me
1738 282 1871 331 enirn

206 379 356 425 quam
382 362 543 411 socios
569 372 651 410 tua
674 362 767 410 frui
789 361 969 410 virtute
994 362 1254 420 malebam,
1281 370 1344 421 et,
1371 378 1472 424 quo
1495 364 1604 424 plus
1628 362 1871 420 intererat,

207 460 268 494 eo
303 446 414 506 plus
450 446 619 493 aberat
653 460 684 491 a
718 459 814 502 me,
851 459 966 491 cum
1004 453 1053 491 te
1099 459 1204 491 non
1250 442 1505 502 videbam;
1553 443 1736 493 deinde
1777 442 1874 490 siti-

207 532 373 573 entem
414 539 496 572 me
540 521 730 572 virtutis
776 531 891 571 tuae
927 521 1184 571 deseruisti
1220 538 1280 570 ac
1315 522 1560 585 reliquisti.
1641 538 1872 585 coeperas
1920 537 1939 568 5

208 604 340 654 enim
373 614 540 667 petere
576 603 881 653 tribunatum
915 603 1072 666 plebis
1108 603 1413 666 temporibus
1449 603 1534 663 eis,
1568 620 1694 667 quae
1730 602 1873 651 istam

209 684 541 747 eloquentiam
567 693 616 733 et
639 683 868 732 virtutem
899 684 1235 746 requirebant:
1271 701 1421 746 quam
1445 684 1736 746 petitionem
1761 700 1874 731 cum

207 764 499 827 reliquisses,
528 764 567 812 si
591 766 688 812 hoc
710 764 954 824 indicasti,
978 773 1116 814 tanta
1139 764 1189 813 in
1214 774 1505 828 tempestate
1530 774 1579 813 te
1603 767 1875 828 gubernare

208 862 310 894 non
345 862 506 908 posse,
545 847 609 894 de
640 845 822 894 virtute
857 855 943 894 tua
966 845 1187 895 dubitavi
1196 864 1210 907 3
1247 845 1288 894 si
1323 847 1468 905 nolle,
1496 847 1559 894 de
1593 847 1874 907 voluntate3

209 927 300 987 sin,
327 928 462 989 quod
494 926 648 989 magis
680 926 928 990 intellego,
956 926 1259 989 temporibus
1283 935 1332 975 te
1357 926 1464 975 aliis
1487 925 1755 986 reservasti,
1782 942 1875 988 ego
1900 945 1940 968 ιο

210 1010 427 1071 quoque'
459 1007 648 1070 inquiet
678 1009 894 1070 populus
930 1009 1190 1056 Romanus
1218 1007 1302 1055 ‘ad
1334 1023 1393 1055 ea
1426 1015 1475 1055 te
1499 1015 1722 1069 tempora
1743 1021 1877 1054 revo-

211 1089 333 1150 cavi,
360 1090 425 1138 ad
450 1106 578 1152 quae
602 1098 654 1137 tu
674 1098 727 1138 te
748 1088 859 1151 ipse
884 1105 1111 1138 servaras.
1183 1097 1298 1152 pete
1322 1088 1465 1152 igitur
1489 1105 1602 1137 eum
1626 1087 1876 1149 magistra-

210 1179 333 1229 tum,
359 1170 410 1218 in
436 1187 536 1234 quo
572 1170 692 1218 mihi
727 1186 935 1233 magnae
970 1169 1166 1218 utilitati
1201 1186 1307 1218 esse
1343 1168 1501 1232 possis
1511 1188 1524 1230 3
1564 1169 1748 1218 aediles
1773 1167 1876 1230 qui·

213 1268 425 1314 cumque
462 1261 618 1311 erunt,
640 1251 809 1300 eidem
844 1250 966 1299 mihi
1001 1261 1114 1300 sunt
1148 1251 1253 1300 ludi
1286 1250 1442 1313 parati
1451 1268 1464 1310 3
1501 1249 1683 1298 tribuni
1717 1250 1876 1313 plebis

210 1333 464 1395 permagni
499 1332 699 1382 interest
735 1331 819 1395 qui
854 1332 963 1379 sint.
1036 1348 1133 1393 qua
1177 1347 1230 1379 re
1268 1339 1353 1379 aut
1395 1331 1548 1379 redde
1586 1329 1708 1378 mihi
1740 1331 1877 1392 quod
1902 1351 1940 1382 ιε

211 1415 511 1473 ostenderas,
533 1422 617 1460 aut
640 1413 695 1472 si,
714 1414 853 1476 quod
876 1429 987 1461 mea
1011 1412 1173 1460 minus
1199 1411 1411 1471 interest,
1429 1411 1481 1460 id
1505 1420 1553 1459 te
1576 1410 1729 1473 magis
1753 1412 1879 1459 forte

213 1494 440 1552 delectat,
461 1494 666 1542 reddam
691 1492 781 1541 tibi
805 1493 949 1540 istam
973 1492 1274 1541 aedilitatem
1293 1492 1439 1541 etiarn
1459 1493 1775 1554 neglegenter
1797 1507 1880 1553 pe·

213 1575 359 1624 tenti:
396 1576 484 1623 sed
509 1574 840 1638 amplissimos
871 1575 1084 1623 honores
1117 1583 1171 1622 ut
1203 1590 1292 1637 pro
1325 1573 1562 1636 dignitate
1595 1582 1680 1621 tua
1711 1588 1880 1621 conse-

213 1655 377 1719 quare,
404 1656 662 1705 condiscas
695 1672 877 1704 censeo
908 1655 1028 1703 mihi
1058 1656 1225 1718 paullo
1257 1655 1538 1719 diligentius
1570 1654 1875 1719 supplicare.’

128 1744 192 1792 14
214 1739 290 1785 VI
339 1739 463 1785 haec
510 1737 681 1800 populi
731 1737 888 1786 oratio
935 1746 1022 1796 est,
1065 1753 1178 1785 mea
1221 1753 1352 1796 vero,
1403 1736 1696 1795 Laterensis,
1733 1737 1878 1784 haec:
1903 1762 1944 1783 ρο

215 1835 315 1882 qua
354 1835 407 1867 re
441 1818 598 1867 victus
635 1818 700 1866 sis
734 1834 837 1867 non
874 1819 1054 1867 debere
1089 1817 1305 1866 iudicem
1343 1834 1589 1880 quaerere,
1625 1818 1779 1867 modo
1815 1834 1880 1867 ne

213 1898 468 1962 largitione
509 1899 573 1947 sis
610 1899 781 1948 victuS.
865 1915 982 1947 nam
1029 1899 1070 1947 si
1107 1900 1550 1962 quotienscumque
1594 1897 1880 1962 praeteritus

216 1980 306 2029 erit
341 1979 396 2039 is,
431 1979 518 2041 qui
555 1995 657 2027 non
693 1979 918 2028 debuerit
952 1980 1215 2042 praeteriri,
1253 1980 1433 2028 totiens
1470 1980 1715 2042 oportebit
1750 1997 1878 2040 eum,

216 2060 302 2123 qui
325 2061 480 2108 factus
512 2059 616 2119 erit,
643 2060 978 2119 condemnari,
1004 2059 1126 2107 nihil
1150 2069 1224 2109 est
1255 2060 1353 2108 iam
1385 2062 1521 2123 quod
1551 2061 1738 2123 populo
1767 2077 1879 2123 sup-

216 2143 437 2206 plicetur,
455 2141 579 2190 nihil
598 2143 735 2204 quod
759 2141 975 2190 diribitio
1001 2140 1354 2204 suffragiorum,
1378 2141 1500 2188 nihil
1519 2141 1653 2203 quod
1679 2138 1880 2206 [suppli-
1902 2160 1943 2192 25

217 2224 350 2272 catio
381 2219 789 2287 magistratuum,]
826 2220 1124 2270 renuntiatio
1159 2230 1494 2283 exspectetur:
1535 2222 1678 2269 simul
1707 2230 1760 2269 ut
1795 2220 1880 2284 qui

217 2303 315 2351 sint
354 2300 559 2365 professi
597 2300 782 2359 videro,
822 2301 1015 2349 dicam:
1060 2299 1142 2348 hic
1182 2300 1365 2348 familia
1401 2301 1644 2349 consulari
1680 2310 1766 2363 est,
1799 2302 1883 2350 ille

219 2382 487 2446 praetoria:
523 2381 740 2444 reliquos
759 2380 906 2429 video
939 2396 1047 2429 esse
1072 2397 1131 2429 ex
1156 2379 1368 2442 equestri
1399 2381 1534 2428 loco:
1571 2389 1684 2428 sunt
1707 2396 1880 2431 omnes

219 2464 325 2513 sine
356 2464 563 2522 macula,
591 2470 704 2510 sunt
735 2478 893 2523 aeque
926 2461 1046 2510 boni
1068 2461 1156 2510 viri
1186 2471 1337 2524 atque
1371 2461 1560 2524 integri,
1586 2463 1675 2510 sed
1703 2463 1881 2511 servari

220 2560 423 2593 necesse
456 2552 528 2591 est
562 2542 766 2606 gradus:
813 2543 960 2591 cedat
995 2542 1237 2590 consulari
1272 2542 1438 2605 generi
1468 2541 1777 2604 praetorium,
1816 2559 1880 2592 ne
1906 2561 1947 2591 30

137 2623 199 2671 15
223 2625 492 2672 contendat
531 2640 647 2671 cum
685 2623 929 2686 praetorio
967 2624 1168 2672 nomine
1209 2633 1434 2686 equester
1467 2626 1617 2672 locus.
1689 2625 1882 2672 sublata

225 2711 339 2752 sunt
376 2702 551 2760 studia,
587 2702 854 2750 exstinctae
895 2701 1277 2763 suffragationes,
1315 2703 1479 2749 nullae
1520 2702 1877 2763 contentiones,

224 2783 359 2833 nulla
390 2780 588 2830 libertas
622 2781 794 2844 populi
823 2780 875 2830 in
906 2781 1203 2830 mandandis
1235 2780 1610 2844 magistratibus,
1635 2783 1771 2830 nulla
1801 2798 1881 2831 ex-
