2046 3112
193 101 286 148 116
368 140 374 145 .
677 99 828 148 PRO
881 99 989 148 CN.
1025 99 1358 149 PLANCIO
1493 96 1643 165 [XIX
1676 99 1858 163 §47—

267 207 296 244 1.
322 207 384 244 10.
441 207 487 244 te
515 206 573 244 ad
600 214 872 244 comunem
900 207 1094 244 ambitus
1123 214 1302 244 causam
1329 205 1575 254 contulisti]
1617 206 1628 225 ‘
1641 218 1722 258 you
1750 205 1858 245 have

188 258 368 298 betaken
389 259 574 310 yourself
597 266 639 298 to
659 259 729 297 the
754 259 920 310 general
945 259 1094 310 charge
1114 258 1161 297 of
1185 258 1376 310 bribery.’
1437 259 1608 299 ‘Sensus
1634 267 1715 299 est:
1746 266 1857 311 post-

189 326 314 365 quam
347 313 529 353 criminis
562 313 852 352 sodaliciorum
883 313 1126 351 convincere
1166 312 1380 352 Plancium
1420 325 1504 352 non
1541 313 1724 365 potuisti,
1759 314 1859 353 talia

190 367 331 415 obicis,
356 379 461 419 quae
481 366 660 406 universi
680 367 859 405 ambitus
879 366 1051 405 crimina
1072 365 1198 406 sunt.'
1253 376 1308 406 w.

269 466 299 503 1.
324 467 386 504 11.
444 463 699 512 aliquando]
730 463 811 513 §17
839 462 867 502 1.
895 461 955 508 16,
985 465 1076 514 §33
1105 463 1190 512 l.4.
1219 461 1308 512 §36
1337 462 1364 502 l.
1395 475 1456 502 12.
1513 465 1552 502 si
1582 462 1775 512 videtur]
1811 462 1865 501 ‘if

190 530 270 568 you
300 516 480 569 please;'
525 518 651 556 ‘haec
675 516 851 556 formula
876 518 940 555 vel
971 517 1211 568 simpliciter
1245 517 1396 556 blande
1428 524 1469 556 et
1497 517 1652 556 urbane
1682 518 1860 569 petentis

192 578 263 619 est,
290 572 355 611 vel
385 585 479 611 cum
507 571 587 610 levi
612 571 790 622 quadam
819 578 859 609 et
884 571 994 610 bella
1021 569 1182 618 ironia‚'
1210 572 1368 622 Jordan
1395 584 1449 609 on
1477 584 1535 610 or.
1559 584 1598 623 p.
1623 571 1746 611 Caec.
1771 573 1792 619 ἓ
1813 573 1859 610 18

192 626 285 664 who
314 638 527 677 compares
556 639 613 664 or.
648 638 690 676 p.
723 625 868 675 Quint.
889 627 910 673 ἓ
932 638 992 676 19,
1025 638 1090 676 ep.
1113 625 1179 663 ad.
1208 625 1304 664 fam.
1334 635 1403 664 VII
1433 637 1496 675 23,
1527 640 1566 675 4,
1594 635 1645 664 lx
1674 627 1712 675 8,
1746 638 1783 674 2,
1808 625 1861 663 de

191 689 276 719 nat.
297 680 338 719 d.
368 692 383 719 1
408 684 508 730 5¹17,
530 680 645 718 Brut.
662 681 684 727 ἓ
701 692 764 727 24,
792 692 856 730 ep.
881 679 936 718 ad
957 679 1039 729 Qu.
1061 679 1106 718 fr.
1135 689 1188 718 111
1217 692 1231 718 1
1256 681 1330 729 §7.

269 767 442 813 volgari
479 767 524 804 et
563 767 809 812 pervagata
850 763 1185 812 declamatione]
1234 763 1586 816 ‘common-place
1619 763 1702 803 and
1733 763 1860 803 hack-

191 820 324 872 neyed
360 817 520 866 tirade,'
550 822 640 870 §95
671 819 699 857 l.
723 831 745 869 3
776 818 917 856 minus
937 824 1276 869 pervagatum,
1319 826 1421 856 orat.
1454 820 1476 866 ξ
1513 829 1586 868 147
1622 824 1859 869 pervaga-

192 875 423 913 tissimus
462 874 530 912 ille
562 886 711 919 versus,
750 872 803 910 de
841 885 900 910 or.
937 881 992 910 111
1025 873 1046 919 ξ
1082 874 1155 911 188
1194 872 1288 910 haec
1314 878 1432 923 opera
1460 872 1666 910 cotidiana
1698 877 1734 911 et
1754 877 1860 922 per-

191 934 383 979 vagata,
409 927 462 967 ib.
491 937 505 966 1
527 929 547 975 ἓ
570 926 641 977 165
662 927 709 965 de
725 926 816 965 istis
834 926 1117 966 communibus
1143 931 1187 966 et
1204 925 1498 978 pervagatis
1521 926 1598 972 vix
1616 925 1714 964 huic
1734 925 1864 965 aetati

192 982 441 1021 audiendum
460 987 601 1033 putas.

273 1080 398 1127 548,
422 1079 451 1117 1.
478 1081 540 1116 12.
600 1086 734 1124 quam
760 1078 845 1116 tibi
872 1078 1143 1116 commodum
1176 1075 1261 1125 est]
1299 1089 1356 1115 sc.
1387 1075 1605 1127 deligere,
1645 1075 1801 1114 ‘which
1830 1074 1862 1114 it

194 1133 293 1172 suits
313 1144 394 1184 you
414 1138 457 1171 to
469 1129 660 1179 -ehoose,'
681 1132 734 1170 de
754 1144 811 1170 or.
840 1140 894 1169 111
916 1133 936 1179 ἓ
958 1132 1007 1181 87
1037 1143 1128 1169 cum
1148 1135 1220 1169 est
1246 1131 1537 1170 commodum
1567 1135 1717 1178 cantat,
1743 1129 1861 1168 Verr.

195 1197 230 1226 II
266 1187 305 1226 ii.
347 1199 406 1236 13,
441 1188 462 1235 ἓ
494 1199 543 1236 33
582 1198 676 1225 eum
708 1185 883 1224 iudicem
922 1197 1039 1237 quem
1081 1184 1376 1223 commodum
1416 1189 1524 1223 erat
1552 1190 1858 1235 praeconem‚...

194 1241 393 1281 medicum
413 1254 536 1279 suum
555 1239 691 1285 dabat,
713 1239 769 1278 ib.
796 1237 842 1278 16
863 1241 883 1286 ἓ
899 1251 949 1290 39
969 1239 1147 1290 quinque
1168 1238 1326 1286 iudices,
1351 1252 1448 1290 quos
1465 1239 1764 1277 commodum
1785 1237 1866 1288 ipsi

180 1295 304 1347 fuit,
333 1295 451 1342 dedit,
485 1294 537 1334 de
566 1294 650 1332 div.
682 1303 697 1333 1
727 1295 748 1341 ξ
770 1306 792 1344 3
821 1293 1036 1332 ostenderet
1061 1293 1182 1332 etiam
1202 1292 1505 1344 philosophum,
1538 1292 1578 1331 si
1603 1292 1641 1331 ei
1671 1305 1766 1331 com
1776 1305 1863 1330 mo-

194 1350 305 1389 dum
330 1355 459 1397 esset,
477 1348 698 1400 pecuniam
709 1347 852 1398 facere
867 1353 992 1398 posse.

273 1420 302 1482 1.
328 1446 388 1482 13.
444 1443 610 1481 tribum
637 1440 789 1489 unam]
819 1452 874 1479 sc.
900 1451 1041 1478 earum
1062 1451 1163 1491 quas
1182 1438 1275 1479 tulit
1297 1439 1501 1479 Plancius.
1558 1449 1615 1479 W.

272 1541 302 1577 1.
324 1542 385 1578 14.
446 1547 532 1584 quo
561 1534 766 1584 divisore]
795 1534 877 1573 abl.
899 1534 987 1573 abs.
1038 1533 1129 1573 The
1149 1533 1341 1573 divisores
1365 1547 1472 1573 were
1493 1534 1563 1573 the
1589 1547 1760 1586 persons
1780 1548 1863 1574 em-

197 1592 350 1645 ployed
380 1597 424 1631 to
458 1590 675 1630 distribute
706 1590 775 1628 the
805 1602 957 1641 money
984 1588 1084 1641 paid
1115 1587 1178 1627 for
1206 1595 1331 1628 votes.
1391 1588 1476 1627 For
1504 1588 1573 1628 the
1603 1588 1798 1640 meaning
1823 1588 1871 1628 of

198 1652 434 1700 sequestrem
455 1659 523 1685 see
543 1645 675 1684 above
694 1646 715 1693 ξ
734 1645 782 1692 38
802 1643 831 1682 1.
853 1656 891 1694 3.

274 1732 321 1769 id.
348 1728 508 1778 facere]
538 1731 608 1767 ‘to
628 1727 683 1766 do
709 1725 783 1772 so,'
810 1727 884 1766 i.e.
912 1726 1042 1766 docere
1061 1732 1140 1777 per
1165 1739 1281 1778 quem
1307 1730 1541 1777 sequestrem
1569 1731 1638 1765 cet.
1698 1726 1767 1766 On
1795 1726 1866 1766 the

195 1784 397 1824 vicarious
426 1796 496 1822 use
520 1782 568 1821 of
576 1781 717 1834 facere
736 1794 782 1820 or
797 1781 938 1833 fizcere
962 1780 1009 1820 id
1034 1793 1101 1820 see
1127 1794 1197 1832 my
1216 1794 1257 1819 n.
1279 1793 1335 1819 on
1354 1781 1406 1820 de
1433 1780 1500 1820 off.
1528 1790 1543 1820 1
1564 1782 1626 1831 §4
1645 1781 1672 1820 1.
1698 1782 1760 1830 18,
1783 1780 1867 1820 and

198 1853 262 1891 cp.
285 1841 305 1886 ἓ
325 1852 344 1878 2
366 1837 394 1876 l.
419 1851 453 1885 2,
479 1836 618 1886 3771.
642 1849 705 1887 32,
730 1834 865 1890 §911-
890 1846 954 1886 27.

275 1935 305 1972 1.
330 1936 392 1972 15.
451 1941 507 1970 ne
534 1933 719 1975 incipies
747 1929 942 1979 quidem]
972 1942 1026 1969 sc.
1052 1928 1230 1969 facere.

278 2025 357 2062 per
385 2012 531 2061 quem]
562 2012 692 2052 Orelli
712 2011 894 2051 remarks
917 2011 1082 2050 ‘acerba
1101 2011 1198 2050 satis
1218 2010 1351 2050 ironia
1363 2016 1443 2062 per
1459 2023 1576 2063 quem
1589 2009 1729 2050 dicens
1745 2010 1865 2062 signi-

200 2069 294 2109 ficat
317 2069 583 2107 Laterensem
609 2067 768 2118 ipsum3
799 2066 1006 2106 neminem
1030 2066 1169 2113 alium,
1195 2065 1342 2117 inquit,
1368 2066 1410 2104 in
1436 2065 1600 2114 culpam
1621 2077 1724 2103 voca
1739 2079 1750 2113 ;
1781 2073 1866 2104 tute

198 2132 269 2163 tua
305 2122 498 2174 superbia
533 2134 582 2160 ac
620 2121 859 2159 morositate
897 2119 1043 2168 fecisti,
1081 2132 1164 2171 quo
1202 2119 1337 2158 minus
1373 2119 1584 2158 aedilitate
1618 2124 1658 2157 te
1695 2119 1866 2159 donaret

197 2177 376 2230 populus
397 2176 625 2221 Romanus,
646 2175 768 2213 nimis
788 2188 813 2213 a
833 2180 873 2213 te
899 2171 1191 2226 posthabitus,’
1211 2186 1325 2225 upon
1345 2173 1482 2212 which
1502 2173 1689 2212 Wunder
1714 2173 1867 2225 rightly

198 2233 391 2271 observes
428 2229 672 2282 ‘simplicius
704 2229 866 2268 videtur
894 2235 971 2280 per
1001 2240 1118 2278 quem
1149 2228 1354 2278 explicare
1379 2227 1497 2276 cuius
1528 2224 1689 2266 studio!
1743 2228 1868 2267 Ferre

197 2286 352 2325 tribum
372 2285 406 2323 is
426 2285 489 2323 ‘to
509 2296 623 2334 carry
643 2296 667 2321 a
687 2281 824 2331 tribe‚’
844 2282 918 2321 i.e.
941 2288 984 2321 to
1005 2282 1147 2320 obtain
1167 2281 1219 2321 its
1239 2287 1365 2329 votes,
1390 2281 1443 2320 cf.
1466 2281 1573 2320 Phil.
1596 2290 1630 2319 11
1654 2282 1716 2329 §4
1735 2293 1866 2320 unam

198 2340 386 2379 tribum
414 2340 502 2377 sine
525 2337 699 2376 Curione
713 2337 858 2388 serre
876 2336 1068 2387 potuisses
1079 2335 1109 2384 ?‚
1135 2335 1224 2374 Liv.
1252 2345 1341 2374 VIII
1365 2345 1429 2384 37,
1455 2347 1500 2374 12
1523 2348 1593 2373 nec
1620 2348 1865 2386 quemquam

186 2395 323 2445 ferme
348 2406 397 2432 ex
419 2392 553 2432 Pollia
581 2391 694 2430 tribu
721 2390 940 2442 Papiriam
957 2390 1106 2441 ferre
1134 2390 1309 2438 solitum,
1344 2389 1456 2430 Suet.
1486 2389 1566 2428 Iul.
1599 2389 1716 2428 Caes.
1751 2401 1786 2428 c.
1818 2402 1865 2440 13

199 2453 247 2487 ut
267 2448 398 2499 plura
431 2446 512 2496 ipse
541 2445 590 2485 in
627 2458 763 2484 eorum
794 2444 982 2483 tribubus
1010 2443 1213 2496 suffragia
1241 2456 1367 2495 quam
1404 2447 1568 2494 uterque
1596 2442 1644 2481 in
1680 2442 1868 2482 omnibus

197 2502 392 2547 tulerit,
419 2501 526 2538 Hor.
551 2500 605 2538 A.
628 2499 676 2538 P.
699 2512 776 2550 343
799 2511 916 2537 omne
941 2498 1064 2537 tulit
1082 2503 1289 2550 puuctum
1317 2496 1395 2548 qui
1420 2496 1585 2535 miscuit
1608 2496 1710 2535 utile
1737 2497 1859 2536 dulci.

201 2558 258 2596 So
285 2555 429 2594 habere
453 2554 610 2593 tribum
639 2556 648 2574 ‘
668 2559 711 2593 to
741 2553 846 2592 have
875 2552 944 2591 the
964 2558 1080 2591 votes
1100 2551 1147 2591 of
1171 2565 1196 2591 a
1215 2549 1350 2598 tribe,’
1372 2550 1427 2602 Q.
1450 2550 1537 2590 Cic.
1562 2550 1614 2590 de
1642 2556 1727 2602 pet.
1749 2563 1863 2590 cons.

198 2619 230 2650 v
254 2611 316 2649 18.

244 2686 254 2694 ⁹
277 2708 306 2745 1.
342 2709 405 2744 16.
462 2707 587 2743 estne
622 2705 731 2743 haec
762 2712 868 2742 vera
899 2701 1142 2750 contentio]
1187 2701 1246 2740 ‘is
1276 2705 1349 2740 not
1380 2699 1462 2740 this
1492 2713 1516 2740 a
1549 2698 1627 2739 sair
1662 2699 1787 2740 mode
1824 2700 1873 2741 of

199 2759 375 2812 fighting
389 2757 425 2798 ?’
456 2771 481 2796 a
508 2758 696 2810 frequent
725 2770 842 2796 sense
871 2756 918 2795 of
941 2769 1074 2802 verus,
1096 2769 1140 2795 as
1165 2755 1207 2795 in
1227 2756 1280 2795 de
1300 2754 1367 2795 off.
1394 2764 1464 2794 111.
1489 2756 1510 2803 ἓ
1531 2767 1581 2805 43
1602 2753 1631 2792 l.
1658 2767 1675 2794 1
1725 2754 1864 2794 where

199 2827 267 2854 sce
287 2827 355 2865 my
376 2826 434 2863 n.,
459 2813 513 2853 de
532 2813 612 2864 leg.
639 2821 710 2852 111.
734 2813 756 2861 ξ
777 2823 826 2863 33
847 2823 939 2850 cum
959 2809 1129 2864 aliquid
1143 2822 1312 2850 verum
1331 2814 1369 2850 et
1387 2814 1539 2849 rectum
1558 2820 1637 2849 esse
1685 2807 1824 2849 icitur.

2014 2709 2025 2722 -’
2009 2411 2034 2664 ,Μςςῼζ
2027 2390 2031 2397 ,
2019 2347 2031 2373 υ,
2020 2318 2026 2328 -
