2046 3112
254 173 316 234 36
680 171 754 219 M.
776 155 778 158 ’
802 170 1028 218 TVLLI
1072 168 1479 217 CICERONIS
1582 164 1823 233 [XXXVI
1850 168 1911 227 87

253 294 501 328 servorum
548 277 756 326 ducibus
804 278 1009 326 caedem
1056 275 1158 325 fieri
1212 284 1407 324 senatus
1454 284 1502 324 et
1548 276 1792 323 bonorum
1845 274 1914 322 rei

165 373 228 420 83
253 361 481 423 publicae
519 359 779 408 exitiosum
810 358 991 408 fuisset.
1052 358 1182 407 vinci
1224 367 1390 406 autem
1426 356 1675 423 improbos
1712 373 1741 404 a
1772 355 1914 404 bonis

251 443 407 491 fateor
445 441 593 490 fuisse
630 441 949 503 praeclarum,
987 438 1027 487 si
1067 441 1218 488 finem
1257 448 1360 486 tum
1401 436 1630 486 vincendi
1667 437 1914 485 viderem:

253 539 402 586 quem
437 524 657 585 profecto
693 538 795 569 non
829 521 1075 569 videbam.
1147 518 1233 567 ubi
1267 518 1397 567 enim
1430 517 1550 565 mihi
1581 527 1774 580 praesto
1807 516 1916 564 fuis·

254 612 363 653 sent
409 613 491 651 aut
538 613 636 651 tam
686 603 834 650 fortes
882 601 1123 660 consules,
1179 615 1327 662 quam
1375 601 1427 646 L.
1473 598 1715 661 Opimius,
1766 614 1915 660 quam
1940 623 1959 654 5

253 687 308 734 C.
339 684 539 742 Marius,
568 699 716 746 quam
742 685 797 731 L.
826 684 1044 741 Flaccus,
1077 679 1253 742 quibus
1278 679 1486 728 ducibus
1511 679 1761 742 improbos
1786 679 1917 728 cives

252 782 328 814 res
360 765 558 829 publica
580 763 695 812 vicit
731 763 943 821 armatis,
971 772 1068 820 aut,
1096 762 1134 809 si
1158 760 1319 808 minus
1348 762 1510 818 fortes,
1537 770 1586 808 at
1617 770 1784 809 tamen
1817 770 1917 809 tam

253 845 377 906 iusti,
418 861 566 907 quam
607 847 659 892 P.
697 843 909 904 Mucius,
941 844 1025 905 qui
1063 859 1212 901 arma,
1246 857 1371 903 quae
1412 841 1627 904 privatus
1666 844 1719 890 P.
1755 840 1918 904 Scipio

253 935 462 989 ceperat,
491 942 548 974 ea
570 925 646 973 Ti.
677 925 902 974 Graccho
927 923 1223 985 interempto
1248 921 1350 969 iure
1375 921 1563 984 optimo
1593 931 1788 984 sumpta
1813 937 1919 970 esse

253 1007 506 1056 defendit?
574 1015 701 1055 esset
736 1005 881 1069 igitur
921 1006 1244 1068 pugnandum
1284 1020 1397 1052 cum
1437 1003 1734 1051 consulibus.
1798 1002 1983 1051 nihil10

254 1087 366 1137 dico
391 1088 616 1150 amplius,
642 1087 736 1135 nisi
762 1087 882 1134 illud
901 1105 913 1146 3
948 1085 1178 1134 victoriae
1203 1095 1397 1134 nostrae
1430 1084 1586 1147 gravis
1622 1084 1919 1132 adversarios

165 1175 228 1222 89
252 1179 463 1235 paratos,
501 1168 723 1218 interitus
748 1170 921 1217 nullos
964 1184 1071 1217 esse
1113 1169 1294 1217 ultores
1330 1167 1572 1215 videbam.
1657 1165 1791 1213 hisce
1829 1181 1920 1228 ego

253 1251 444 1301 auxiliis
483 1251 651 1300 salutis
686 1267 827 1299 meae
863 1250 903 1299 si
937 1249 1122 1298 idcirco
1159 1249 1307 1307 defui,
1350 1248 1466 1311 quia
1499 1246 1636 1296 nolui
1671 1246 1918 1306 dimicare,

252 1333 455 1392 fatebor,
482 1331 533 1379 id
558 1332 695 1396 quod
718 1331 806 1391 vis,
831 1347 933 1379 non
969 1329 1091 1377 mihi
1122 1329 1371 1386 auxilium,
1399 1329 1488 1377 sed
1520 1345 1601 1376 me
1633 1327 1814 1375 auxilio
1839 1327 1922 1375 de-

252 1413 423 1462 fuisse:
460 1413 534 1462 sin
560 1422 738 1471 autem,
758 1428 859 1474 quo
884 1411 1070 1459 maiora
1095 1409 1256 1459 studia
1279 1410 1330 1457 in
1349 1426 1428 1458 me
1444 1410 1686 1457 bonorum
1711 1409 1918 1466 fuerunt,
1950 1437 1987 1465 15

252 1495 349 1543 hoc
368 1494 437 1543 eis
461 1494 615 1557 magis
641 1494 1001 1542 consulendum
1028 1501 1077 1541 et
1100 1492 1401 1555 parcendum
1421 1489 1601 1553 putavi,
1620 1499 1671 1537 tu
1691 1489 1741 1537 id
1765 1489 1816 1536 in
1839 1505 1921 1538 me

253 1573 584 1637 reprehendis,
613 1572 749 1635 quod
786 1573 840 1634 Q.
877 1572 1084 1619 Metello
1118 1569 1251 1618 laudi
1285 1571 1454 1618 datum
1479 1578 1552 1616 est
1576 1567 1824 1629 hodieque
1848 1575 1922 1615 est

254 1664 303 1702 et
340 1671 533 1717 semper
568 1652 657 1702 erit
686 1651 930 1700 maximae
965 1650 1193 1715 gloriae?
1220 1667 1381 1712 quem,
1409 1658 1463 1696 ut
1498 1658 1640 1711 potes
1674 1664 1732 1695 ex
1747 1646 1922 1695 multis

253 1735 436 1795 audire,
475 1734 558 1798 qui
599 1744 704 1782 tum
745 1734 1019 1791 adfuerunt,
1058 1740 1252 1780 constat
1291 1728 1590 1778 invitissimis
1627 1727 1739 1775 viris
1778 1725 1921 1775 bonis

253 1816 469 1874 cessisse,
486 1833 580 1865 nec
594 1815 740 1864 fuisse
762 1814 972 1863 dubium
997 1813 1117 1875 quin
1137 1811 1454 1861 contentione
1474 1819 1523 1858 et
1541 1808 1686 1858 armis
1706 1807 1923 1870 superior
1950 1828 1989 1848 το

252 1906 419 1960 posset
449 1913 568 1946 esse.
643 1912 758 1958 ergo
788 1895 869 1943 ille
895 1911 1009 1942 cum
1043 1910 1198 1952 suum,
1227 1909 1329 1941 non
1364 1908 1478 1939 cum
1511 1901 1708 1939 senatus
1736 1891 1921 1937 factum

253 1978 554 2036 defenderet,
575 1993 690 2024 cum
714 1973 1419 2039 perseverantiam,sententiae
1445 1988 1574 2031 suae,
1592 1988 1694 2020 non
1714 1973 1921 2019 salutem

251 2056 320 2105 rei
356 2045 582 2119 publicae
617 2055 907 2114 retinuisset,
934 2064 1100 2103 tamen
1126 2055 1190 2103 ob
1220 2054 1354 2102 illam
1385 2069 1599 2112 causam,
1633 2052 1766 2113 quod
1799 2051 1921 2099 illud

252 2135 580 2185 voluntarium
603 2138 779 2185 vulnus
805 2135 1008 2198 accepit,
1039 2135 1329 2184 iustissimos
1355 2132 1578 2183 omnium
1606 2133 1920 2180 Metellorum

254 2230 302 2267 et
327 2217 619 2267 clariSsimos
651 2217 927 2280 triumphos
959 2217 1112 2280 gloria
1144 2226 1193 2266 et
1229 2217 1376 2265 laude
1411 2215 1668 2278 superavit,
1701 2215 1836 2277 quod
1873 2224 1921 2264 et
1948 2236 1987 2266 25

255 2300 364 2348 illos
406 2299 539 2362 ipsos
580 2298 971 2361 improbissimos
1009 2297 1128 2346 civis
1169 2296 1374 2346 interfici
1414 2295 1584 2356 noluit,
1623 2305 1671 2344 et
1708 2312 1772 2344 ne
1813 2295 1922 2357 quis

253 2383 415 2430 bonus
439 2379 655 2428 interiret
679 2379 730 2427 in
755 2380 929 2428 eadem
953 2380 1106 2427 caede
1131 2377 1373 2442 providit:
1407 2393 1499 2440 ego
1523 2375 1668 2424 tantis
1692 2375 1921 2438 periculis

254 2459 516 2523 propositis
554 2475 681 2519 cum,
723 2458 763 2507 si
800 2458 958 2507 victus
1005 2475 1179 2517 essem,
1222 2457 1445 2506 interitus
1485 2455 1555 2504 rei
1595 2455 1836 2518 publicae,
1880 2455 1921 2504 si

250 2542 492 2603 vicissem,
518 2540 709 2590 infinita
734 2540 986 2589 dimicatio
1010 2549 1272 2602 pararetur,
1303 2536 1662 2588 committerem
1696 2546 1750 2584 ut
1785 2536 1919 2586 idem

250 2623 470 2685 perditor
524 2622 595 2671 rei
652 2620 882 2685 publicae
929 2621 1219 2681 nominarer,
1271 2619 1358 2683 qui
1414 2627 1629 2668 servator
1683 2617 1919 2667 fuissem?
1942 2639 1983 2671 30

163 2707 225 2755 90
252 2705 507 2752 XXXVII
576 2713 786 2752 mortem
832 2719 913 2751 me
959 2702 1178 2751 timuisse
1217 2701 1353 2751 dicis.
1429 2716 1521 2763 ego
1561 2715 1676 2748 vero
1723 2715 1787 2747 ne
1833 2698 1920 2746 im-

252 2783 601 2832 mortalitatem
649 2782 853 2845 quidem
900 2791 1073 2831 contra
1123 2799 1225 2831 rem
1280 2780 1528 2845 publicam
1577 2777 1919 2842 accipiendam

252 2871 489 2930 putarem,
526 2862 729 2912 nedum⁴
751 2861 905 2911 emori
946 2878 1060 2910 cum
1100 2861 1318 2926 pernicie
1358 2860 1428 2911 rei
1462 2859 1689 2924 publicae
1723 2859 1916 2908 vellem,
