<?xml version="1.0" encoding="UTF-8"?>
<!DOCTYPE html PUBLIC "-//W3C//DTD XHTML 1.0 Transitional//EN"
    "http://www.w3.org/TR/xhtml1/DTD/xhtml1-transitional.dtd">
<html xmlns="http://www.w3.org/1999/xhtml" xml:lang="en" lang="en">
 <head>
  <title>
</title>
<meta http-equiv="Content-Type" content="text/html;charset=utf-8" />
  <meta name='ocr-system' content='tesseract 3.04.00' />
  <meta name='ocr-capabilities' content='ocr_page ocr_carea ocr_par ocr_line ocrx_word'/>
</head>
<body>
  <div class='ocr_page' id='page_1' title='image "./proplanciolatin100ciceuoft_0290.png"; bbox 0 0 2046 3112; ppageno 0'>
   <div class='ocr_carea' id='block_1_1' title="bbox 245 123 1428 174">
    <p class='ocr_par' dir='ltr' id='par_1_1' title="bbox 245 123 1428 174">
     <span class='ocr_line' id='line_1_1' title="bbox 245 123 1428 174; baseline 0.001 -1"><span class='ocrx_word' id='word_1_1' title='bbox 245 141 338 173; x_wconf 84' lang='lat'>222</span> <span class='ocrx_word' id='word_1_2' title='bbox 736 123 888 173; x_wconf 85' lang='lat' dir='ltr'>PRO</span> <span class='ocrx_word' id='word_1_3' title='bbox 941 125 1052 174; x_wconf 86' lang='lat' dir='ltr'>CN.</span> <span class='ocrx_word' id='word_1_4' title='bbox 1094 123 1428 174; x_wconf 87' lang='lat' dir='ltr'><em>PLANCIO</em></span> 
     </span>
    </p>
   </div>
   <div class='ocr_carea' id='block_1_2' title="bbox 1053 278 1095 318">
    <p class='ocr_par' dir='ltr' id='par_1_2' title="bbox 1053 278 1095 318">
     <span class='ocr_line' id='line_1_2' title="bbox 1053 278 1095 318; baseline 0 0"><span class='ocrx_word' id='word_1_5' title='bbox 1053 278 1095 318; x_wconf 92' lang='lat' dir='ltr'>D</span> 
     </span>
    </p>
   </div>
   <div class='ocr_carea' id='block_1_3' title="bbox 239 345 1916 613">
    <p class='ocr_par' dir='ltr' id='par_1_3' title="bbox 245 345 1907 466">
     <span class='ocr_line' id='line_1_3' title="bbox 245 345 1907 412; baseline 0.001 -13"><span class='ocrx_word' id='word_1_6' title='bbox 245 359 288 400; x_wconf 89' lang='lat' dir='ltr'>C.</span> <span class='ocrx_word' id='word_1_7' title='bbox 327 345 501 398; x_wconf 86' lang='lat' dir='ltr'><em>Duilius</em></span> <span class='ocrx_word' id='word_1_8' title='bbox 543 358 700 412; x_wconf 87' lang='lat' dir='ltr'>primus</span> <span class='ocrx_word' id='word_1_9' title='bbox 737 359 1023 398; x_wconf 87' lang='lat' dir='ltr'>Romanorum</span> <span class='ocrx_word' id='word_1_10' title='bbox 1060 358 1190 400; x_wconf 90' lang='lat' dir='ltr'>classe</span> <span class='ocrx_word' id='word_1_11' title='bbox 1227 359 1391 399; x_wconf 88' lang='lat' dir='ltr'>Poenos</span> <span class='ocrx_word' id='word_1_12' title='bbox 1426 358 1591 408; x_wconf 83' lang='lat' dir='ltr'>devicit,</span> <span class='ocrx_word' id='word_1_13' title='bbox 1629 371 1715 399; x_wconf 88' lang='lat' dir='ltr'>cos.</span> <span class='ocrx_word' id='word_1_14' title='bbox 1743 372 1784 399; x_wconf 84' lang='lat' dir='ltr'>a.</span> <span class='ocrx_word' id='word_1_15' title='bbox 1814 357 1907 408; x_wconf 84' lang='lat'><strong>260,</strong></span> 
     </span>
     <span class='ocr_line' id='line_1_4' title="bbox 295 425 387 466; baseline 0 -1"><span class='ocrx_word' id='word_1_16' title='bbox 295 425 348 466; x_wconf 92' lang='lat'>60</span> <span class='ocrx_word' id='word_1_17' title='bbox 367 439 387 466; x_wconf 90' lang='grc'><strong>2</strong></span> 
     </span>
    </p>

    <p class='ocr_par' dir='ltr' id='par_1_4' title="bbox 239 440 1916 613">
     <span class='ocr_line' id='line_1_5' title="bbox 239 440 1916 545; baseline 0.001 -13"><span class='ocrx_word' id='word_1_18' title='bbox 239 440 562 544; x_wconf 61' lang='grc' dir='ltr'>Βγννῆἓεῆίτιηι,</span> <span class='ocrx_word' id='word_1_19' title='bbox 600 492 732 532; x_wconf 89' lang='lat' dir='ltr'>libera</span> <span class='ocrx_word' id='word_1_20' title='bbox 761 492 904 533; x_wconf 89' lang='lat' dir='ltr'>civitas</span> <span class='ocrx_word' id='word_1_21' title='bbox 944 492 1101 545; x_wconf 87' lang='lat' dir='ltr'>Illyrici</span> <span class='ocrx_word' id='word_1_22' title='bbox 1137 493 1195 542; x_wconf 89' lang='lat' dir='ltr'>(h.</span> <span class='ocrx_word' id='word_1_23' title='bbox 1234 493 1490 544; x_wconf 89' lang='lat' dir='ltr'>Durazzo),</span> <span class='ocrx_word' id='word_1_24' title='bbox 1525 493 1636 534; x_wconf 86' lang='lat' dir='ltr'>unde</span> <span class='ocrx_word' id='word_1_25' title='bbox 1664 494 1709 534; x_wconf 84' lang='lat' dir='ltr'>in</span> <span class='ocrx_word' id='word_1_26' title='bbox 1750 493 1916 534; x_wconf 84' lang='lat' dir='ltr'>Italiam</span> 
     </span>
     <span class='ocr_line' id='line_1_6' title="bbox 294 559 1269 613; baseline -0.001 -13"><span class='ocrx_word' id='word_1_27' title='bbox 294 561 502 610; x_wconf 88' lang='lat' dir='ltr'>traiectus,</span> <span class='ocrx_word' id='word_1_28' title='bbox 522 560 740 613; x_wconf 87' lang='lat' dir='ltr'>hospitalis</span> <span class='ocrx_word' id='word_1_29' title='bbox 760 560 803 599; x_wconf 86' lang='lat' dir='ltr'>in</span> <span class='ocrx_word' id='word_1_30' title='bbox 824 560 912 601; x_wconf 91' lang='lat' dir='ltr'>Cic.</span> <span class='ocrx_word' id='word_1_31' title='bbox 938 559 1123 600; x_wconf 86' lang='lat' dir='ltr'>exsulem</span> <span class='ocrx_word' id='word_1_32' title='bbox 1144 561 1196 600; x_wconf 88' lang='grc'>98</span> <span class='ocrx_word' id='word_1_33' title='bbox 1219 573 1269 611; x_wconf 89' lang='lat'>14</span> 
     </span>
    </p>
   </div>
   <div class='ocr_carea' id='block_1_4' title="bbox 1051 696 1087 735">
    <p class='ocr_par' dir='ltr' id='par_1_5' title="bbox 1051 696 1087 735">
     <span class='ocr_line' id='line_1_7' title="bbox 1051 696 1087 735; baseline 0 0"><span class='ocrx_word' id='word_1_34' title='bbox 1051 696 1087 735; x_wconf 91' lang='lat' dir='ltr'>F</span> 
     </span>
    </p>
   </div>
   <div class='ocr_carea' id='block_1_5' title="bbox 239 790 1914 2066">
    <p class='ocr_par' dir='ltr' id='par_1_6' title="bbox 245 790 1914 980">
     <span class='ocr_line' id='line_1_8' title="bbox 245 790 1913 845; baseline 0.002 -15"><span class='ocrx_word' id='word_1_35' title='bbox 245 792 291 841; x_wconf 82' lang='lat' dir='ltr'>Q.</span> <span class='ocrx_word' id='word_1_36' title='bbox 325 790 478 830; x_wconf 84' lang='lat' dir='ltr'><em>Fabius</em></span> <span class='ocrx_word' id='word_1_37' title='bbox 505 792 726 831; x_wconf 63' lang='lat' dir='ltr'><em>Alaximus</em></span> <span class='ocrx_word' id='word_1_38' title='bbox 752 791 1045 844; x_wconf 77' lang='lat' dir='ltr'><em>Allobrogicus,</em></span> <span class='ocrx_word' id='word_1_39' title='bbox 1078 791 1198 832; x_wconf 89' lang='lat' dir='ltr'>Lucii</span> <span class='ocrx_word' id='word_1_40' title='bbox 1230 792 1402 833; x_wconf 84' lang='lat' dir='ltr'>Aemilii</span> <span class='ocrx_word' id='word_1_41' title='bbox 1433 793 1551 832; x_wconf 88' lang='lat' dir='ltr'>Pauli</span> <span class='ocrx_word' id='word_1_42' title='bbox 1581 805 1723 845; x_wconf 91' lang='lat' dir='ltr'>nepos,</span> <span class='ocrx_word' id='word_1_43' title='bbox 1757 803 1841 832; x_wconf 85' lang='lat' dir='ltr'>cos.</span> <span class='ocrx_word' id='word_1_44' title='bbox 1877 804 1913 832; x_wconf 86' lang='lat' dir='ltr'>a.</span> 
     </span>
     <span class='ocr_line' id='line_1_9' title="bbox 298 859 1914 912; baseline 0 -15"><span class='ocrx_word' id='word_1_45' title='bbox 298 871 387 907; x_wconf 85' lang='lat'>121,</span> <span class='ocrx_word' id='word_1_46' title='bbox 418 860 553 899; x_wconf 87' lang='lat' dir='ltr'>fornix</span> <span class='ocrx_word' id='word_1_47' title='bbox 589 861 704 899; x_wconf 89' lang='lat' dir='ltr'>iuxta</span> <span class='ocrx_word' id='word_1_48' title='bbox 743 860 919 912; x_wconf 86' lang='lat' dir='ltr'>Regiam</span> <span class='ocrx_word' id='word_1_49' title='bbox 955 860 999 899; x_wconf 91' lang='lat' dir='ltr'>in</span> <span class='ocrx_word' id='word_1_50' title='bbox 1029 873 1145 900; x_wconf 88' lang='lat' dir='ltr'>sacra</span> <span class='ocrx_word' id='word_1_51' title='bbox 1180 860 1248 899; x_wconf 88' lang='lat' dir='ltr'>via</span> <span class='ocrx_word' id='word_1_52' title='bbox 1286 861 1369 900; x_wconf 90' lang='lat' dir='ltr'>ima</span> <span class='ocrx_word' id='word_1_53' title='bbox 1405 861 1683 912; x_wconf 88' lang='lat' dir='ltr'>Allobrogum</span> <span class='ocrx_word' id='word_1_54' title='bbox 1711 859 1914 900; x_wconf 87' lang='lat' dir='ltr'>victorum</span> 
     </span>
     <span class='ocr_line' id='line_1_10' title="bbox 293 927 1590 980; baseline 0 -14"><span class='ocrx_word' id='word_1_55' title='bbox 293 927 499 966; x_wconf 87' lang='lat' dir='ltr'>manubiis</span> <span class='ocrx_word' id='word_1_56' title='bbox 519 928 572 966; x_wconf 93' lang='lat' dir='ltr'>ab</span> <span class='ocrx_word' id='word_1_57' title='bbox 593 940 643 967; x_wconf 93' lang='lat' dir='ltr'>eo</span> <span class='ocrx_word' id='word_1_58' title='bbox 661 941 831 967; x_wconf 85' lang='lat' dir='ltr'>censore</span> <span class='ocrx_word' id='word_1_59' title='bbox 850 941 889 967; x_wconf 88' lang='lat' dir='ltr'>a.</span> <span class='ocrx_word' id='word_1_60' title='bbox 915 928 989 967; x_wconf 88' lang='lat'>108</span> <span class='ocrx_word' id='word_1_61' title='bbox 1010 934 1238 968; x_wconf 88' lang='lat' dir='ltr'>exstructus</span> <span class='ocrx_word' id='word_1_62' title='bbox 1259 928 1310 969; x_wconf 89' lang='grc'>17</span> <span class='ocrx_word' id='word_1_63' title='bbox 1332 941 1382 980; x_wconf 89' lang='grc'>32</span> <span class='ocrx_word' id='word_1_64' title='bbox 1586 974 1590 978; x_wconf 20' lang='lat' dir='ltr'><em>q</em></span> 
     </span>
    </p>

    <p class='ocr_par' dir='ltr' id='par_1_7' title="bbox 244 995 1913 1249">
     <span class='ocr_line' id='line_1_11' title="bbox 244 995 1910 1045; baseline 0.001 -12"><span class='ocrx_word' id='word_1_65' title='bbox 244 995 292 1045; x_wconf 83' lang='lat' dir='ltr'>Q.</span> <span class='ocrx_word' id='word_1_66' title='bbox 313 995 467 1034; x_wconf 82' lang='lat' dir='ltr'><em>Fabius</em></span> <span class='ocrx_word' id='word_1_67' title='bbox 494 996 714 1035; x_wconf 81' lang='lat' dir='ltr'><em>Maximus</em></span> <span class='ocrx_word' id='word_1_68' title='bbox 751 997 994 1035; x_wconf 85' lang='lat' dir='ltr'><em>Verrucosus</em></span> <span class='ocrx_word' id='word_1_69' title='bbox 1027 996 1211 1043; x_wconf 86' lang='lat' dir='ltr'><em>Ovicula,</em></span> <span class='ocrx_word' id='word_1_70' title='bbox 1253 997 1477 1036; x_wconf 78' lang='lat' dir='ltr'><em>Cunctator</em></span> <span class='ocrx_word' id='word_1_71' title='bbox 1503 996 1575 1036; x_wconf 87' lang='lat' dir='ltr'>ille</span> <span class='ocrx_word' id='word_1_72' title='bbox 1608 995 1910 1044; x_wconf 86' lang='lat' dir='ltr'>celeberrimus,</span> 
     </span>
     <span class='ocr_line' id='line_1_12' title="bbox 294 1062 1910 1114; baseline 0.001 -13"><span class='ocrx_word' id='word_1_73' title='bbox 294 1062 346 1101; x_wconf 89' lang='lat' dir='ltr'>de</span> <span class='ocrx_word' id='word_1_74' title='bbox 376 1075 459 1114; x_wconf 92' lang='lat' dir='ltr'>quo</span> <span class='ocrx_word' id='word_1_75' title='bbox 487 1063 646 1103; x_wconf 89' lang='lat' dir='ltr'>Ennius</span> <span class='ocrx_word' id='word_1_76' title='bbox 676 1067 685 1085; x_wconf 92' lang='lat'>‘</span> <span class='ocrx_word' id='word_1_77' title='bbox 703 1077 807 1103; x_wconf 87' lang='lat' dir='ltr'>unus</span> <span class='ocrx_word' id='word_1_78' title='bbox 835 1064 962 1103; x_wconf 92' lang='lat' dir='ltr'>homo</span> <span class='ocrx_word' id='word_1_79' title='bbox 995 1063 1116 1103; x_wconf 91' lang='lat' dir='ltr'>nobis</span> <span class='ocrx_word' id='word_1_80' title='bbox 1153 1064 1386 1104; x_wconf 89' lang='lat' dir='ltr'>cunctando</span> <span class='ocrx_word' id='word_1_81' title='bbox 1416 1063 1591 1104; x_wconf 85' lang='lat' dir='ltr'>restituit</span> <span class='ocrx_word' id='word_1_82' title='bbox 1620 1062 1729 1103; x_wconf 87' lang='lat' dir='ltr'>rem&#39;</span> <span class='ocrx_word' id='word_1_83' title='bbox 1757 1076 1838 1103; x_wconf 87' lang='lat' dir='ltr'>cos.</span> <span class='ocrx_word' id='word_1_84' title='bbox 1866 1072 1910 1103; x_wconf 85' lang='lat' dir='ltr'>V.</span> 
     </span>
     <span class='ocr_line' id='line_1_13' title="bbox 294 1130 1913 1184; baseline 0 -15"><span class='ocrx_word' id='word_1_85' title='bbox 294 1143 332 1170; x_wconf 87' lang='lat' dir='ltr'>a.</span> <span class='ocrx_word' id='word_1_86' title='bbox 374 1141 600 1183; x_wconf 81' lang='lat'><strong>233—209,</strong></span> <span class='ocrx_word' id='word_1_87' title='bbox 635 1130 865 1170; x_wconf 85' lang='lat' dir='ltr'>Tarentum</span> <span class='ocrx_word' id='word_1_88' title='bbox 903 1131 1070 1184; x_wconf 87' lang='lat' dir='ltr'>recepit,</span> <span class='ocrx_word' id='word_1_89' title='bbox 1104 1132 1266 1172; x_wconf 87' lang='lat' dir='ltr'>bellum</span> <span class='ocrx_word' id='word_1_90' title='bbox 1297 1131 1500 1172; x_wconf 89' lang='lat' dir='ltr'>Punicum</span> <span class='ocrx_word' id='word_1_91' title='bbox 1538 1131 1763 1172; x_wconf 88' lang='lat' dir='ltr'>secundum</span> <span class='ocrx_word' id='word_1_92' title='bbox 1800 1143 1913 1171; x_wconf 90' lang='lat' dir='ltr'>ener-</span> 
     </span>
     <span class='ocr_line' id='line_1_14' title="bbox 294 1198 578 1249; baseline 0.007 -12"><span class='ocrx_word' id='word_1_93' title='bbox 294 1198 421 1244; x_wconf 87' lang='lat' dir='ltr'>vavit,</span> <span class='ocrx_word' id='word_1_94' title='bbox 451 1198 504 1238; x_wconf 89' lang='grc'>60</span> <span class='ocrx_word' id='word_1_95' title='bbox 528 1211 578 1249; x_wconf 84' lang='grc' dir='ltr'>3ο</span> 
     </span>
    </p>

    <p class='ocr_par' dir='ltr' id='par_1_8' title="bbox 239 1264 1913 1387">
     <span class='ocr_line' id='line_1_15' title="bbox 239 1264 1913 1318; baseline 0 -13"><span class='ocrx_word' id='word_1_96' title='bbox 239 1265 397 1305; x_wconf 82' lang='lat' dir='ltr'><em>Fabius</em></span> <span class='ocrx_word' id='word_1_97' title='bbox 415 1265 571 1317; x_wconf 88' lang='lat' dir='ltr'><em>fornix</em></span> <span class='ocrx_word' id='word_1_98' title='bbox 599 1277 717 1305; x_wconf 90' lang='lat' dir='ltr'>arcus</span> <span class='ocrx_word' id='word_1_99' title='bbox 750 1270 813 1305; x_wconf 90' lang='lat' dir='ltr'>est</span> <span class='ocrx_word' id='word_1_100' title='bbox 843 1265 958 1306; x_wconf 87' lang='lat' dir='ltr'>iuxta</span> <span class='ocrx_word' id='word_1_101' title='bbox 989 1266 1166 1318; x_wconf 87' lang='lat' dir='ltr'>Regiam</span> <span class='ocrx_word' id='word_1_102' title='bbox 1200 1266 1244 1306; x_wconf 89' lang='lat' dir='ltr'>in</span> <span class='ocrx_word' id='word_1_103' title='bbox 1278 1279 1395 1306; x_wconf 90' lang='lat' dir='ltr'>sacra</span> <span class='ocrx_word' id='word_1_104' title='bbox 1426 1265 1495 1306; x_wconf 91' lang='lat' dir='ltr'>via</span> <span class='ocrx_word' id='word_1_105' title='bbox 1526 1266 1612 1305; x_wconf 89' lang='lat' dir='ltr'>ima</span> <span class='ocrx_word' id='word_1_106' title='bbox 1638 1279 1664 1306; x_wconf 90' lang='lat' dir='ltr'>a</span> <span class='ocrx_word' id='word_1_107' title='bbox 1692 1265 1748 1317; x_wconf 86' lang='lat' dir='ltr'>Q.</span> <span class='ocrx_word' id='word_1_108' title='bbox 1780 1264 1913 1305; x_wconf 91' lang='lat' dir='ltr'>Fabio</span> 
     </span>
     <span class='ocr_line' id='line_1_16' title="bbox 295 1333 900 1387; baseline 0 -15"><span class='ocrx_word' id='word_1_109' title='bbox 295 1333 482 1373; x_wconf 88' lang='lat' dir='ltr'>Maximo</span> <span class='ocrx_word' id='word_1_110' title='bbox 503 1339 758 1374; x_wconf 87' lang='lat' dir='ltr'>constructus</span> <span class='ocrx_word' id='word_1_111' title='bbox 779 1334 831 1375; x_wconf 88' lang='lat'>17</span> <span class='ocrx_word' id='word_1_112' title='bbox 852 1346 900 1387; x_wconf 88' lang='grc'>32</span> 
     </span>
    </p>

    <p class='ocr_par' dir='ltr' id='par_1_9' title="bbox 245 1401 1914 1579">
     <span class='ocr_line' id='line_1_17' title="bbox 245 1401 1914 1455; baseline -0.001 -13"><span class='ocrx_word' id='word_1_113' title='bbox 245 1403 375 1442; x_wconf 85' lang='lat' dir='ltr'><em>Gaius</em></span> <span class='ocrx_word' id='word_1_114' title='bbox 387 1401 601 1442; x_wconf 82' lang='lat' dir='ltr'><em>Fabricius</em></span> <span class='ocrx_word' id='word_1_115' title='bbox 618 1403 836 1452; x_wconf 84' lang='lat' dir='ltr'><em>Luscinus,</em></span> <span class='ocrx_word' id='word_1_116' title='bbox 860 1416 942 1443; x_wconf 88' lang='lat' dir='ltr'>cos.</span> <span class='ocrx_word' id='word_1_117' title='bbox 969 1416 1008 1442; x_wconf 89' lang='lat' dir='ltr'>a.</span> <span class='ocrx_word' id='word_1_118' title='bbox 1039 1405 1132 1450; x_wconf 87' lang='grc'><strong>282,</strong></span> <span class='ocrx_word' id='word_1_119' title='bbox 1151 1404 1243 1454; x_wconf 86' lang='grc'><strong>278,</strong></span> <span class='ocrx_word' id='word_1_120' title='bbox 1266 1414 1356 1453; x_wconf 78' lang='grc'><strong>273,</strong></span> <span class='ocrx_word' id='word_1_121' title='bbox 1371 1402 1642 1455; x_wconf 88' lang='lat' dir='ltr'>triumphavit</span> <span class='ocrx_word' id='word_1_122' title='bbox 1661 1402 1715 1443; x_wconf 90' lang='lat' dir='ltr'>de</span> <span class='ocrx_word' id='word_1_123' title='bbox 1734 1402 1914 1442; x_wconf 90' lang='lat' dir='ltr'>Lucanis</span> 
     </span>
     <span class='ocr_line' id='line_1_18' title="bbox 295 1470 1914 1524; baseline -0.001 -14"><span class='ocrx_word' id='word_1_124' title='bbox 295 1471 467 1511; x_wconf 83' lang='lat' dir='ltr'>Bruttiis</span> <span class='ocrx_word' id='word_1_125' title='bbox 497 1470 752 1511; x_wconf 90' lang='lat' dir='ltr'>Samnitibus</span> <span class='ocrx_word' id='word_1_126' title='bbox 774 1471 1041 1521; x_wconf 87' lang='lat' dir='ltr'>-Tarentinis;</span> <span class='ocrx_word' id='word_1_127' title='bbox 1070 1471 1296 1512; x_wconf 87' lang='lat' dir='ltr'>clarissima</span> <span class='ocrx_word' id='word_1_128' title='bbox 1323 1471 1410 1512; x_wconf 91' lang='lat' dir='ltr'>eius</span> <span class='ocrx_word' id='word_1_129' title='bbox 1441 1471 1495 1511; x_wconf 88' lang='lat' dir='ltr'>ad</span> <span class='ocrx_word' id='word_1_130' title='bbox 1529 1471 1732 1524; x_wconf 90' lang='lat' dir='ltr'>Pyrrhum</span> <span class='ocrx_word' id='word_1_131' title='bbox 1761 1470 1914 1523; x_wconf 88' lang='lat' dir='ltr'>legatio</span> 
     </span>
     <span class='ocr_line' id='line_1_19' title="bbox 295 1539 418 1579; baseline 0 0"><span class='ocrx_word' id='word_1_132' title='bbox 295 1539 348 1579; x_wconf 88' lang='grc'>60</span> <span class='ocrx_word' id='word_1_133' title='bbox 369 1541 418 1579; x_wconf 88' lang='grc'>28</span> 
     </span>
    </p>

    <p class='ocr_par' dir='ltr' id='par_1_10' title="bbox 240 1607 1023 1647">
     <span class='ocr_line' id='line_1_20' title="bbox 240 1607 1023 1647; baseline 0 -1"><span class='ocrx_word' id='word_1_134' title='bbox 240 1607 437 1646; x_wconf 84' lang='lat' dir='ltr'><em>Flaccus:</em></span> <span class='ocrx_word' id='word_1_135' title='bbox 463 1620 504 1646; x_wconf 89' lang='lat' dir='ltr'>v.</span> <span class='ocrx_word' id='word_1_136' title='bbox 518 1619 550 1647; x_wconf 84' lang='lat' dir='ltr'>s.</span> <span class='ocrx_word' id='word_1_137' title='bbox 581 1607 765 1646; x_wconf 81' lang='lat' dir='ltr'><em>Valerius</em></span> <span class='ocrx_word' id='word_1_138' title='bbox 783 1613 824 1647; x_wconf 90' lang='lat' dir='ltr'>et</span> <span class='ocrx_word' id='word_1_139' title='bbox 841 1608 1023 1647; x_wconf 83' lang='lat' dir='ltr'><em>Laenius</em></span> 
     </span>
    </p>

    <p class='ocr_par' dir='ltr' id='par_1_11' title="bbox 240 1672 1914 1849">
     <span class='ocr_line' id='line_1_21' title="bbox 240 1672 1912 1727; baseline 0 -15"><span class='ocrx_word' id='word_1_140' title='bbox 240 1674 477 1713; x_wconf 81' lang='lat' dir='ltr'><em>Flaminius</em></span> <span class='ocrx_word' id='word_1_141' title='bbox 494 1675 636 1723; x_wconf 88' lang='lat' dir='ltr'><em>circus,</em></span> <span class='ocrx_word' id='word_1_142' title='bbox 661 1688 686 1714; x_wconf 90' lang='lat' dir='ltr'>a</span> <span class='ocrx_word' id='word_1_143' title='bbox 707 1675 752 1714; x_wconf 90' lang='lat' dir='ltr'>C.</span> <span class='ocrx_word' id='word_1_144' title='bbox 779 1675 988 1714; x_wconf 84' lang='lat' dir='ltr'>Flaminio</span> <span class='ocrx_word' id='word_1_145' title='bbox 1008 1687 1073 1721; x_wconf 89' lang='lat' dir='ltr'>eo,</span> <span class='ocrx_word' id='word_1_146' title='bbox 1094 1673 1166 1727; x_wconf 91' lang='lat' dir='ltr'>qui</span> <span class='ocrx_word' id='word_1_147' title='bbox 1191 1675 1245 1715; x_wconf 90' lang='lat' dir='ltr'>ad</span> <span class='ocrx_word' id='word_1_148' title='bbox 1270 1674 1407 1714; x_wconf 87' lang='lat' dir='ltr'>lacurn</span> <span class='ocrx_word' id='word_1_149' title='bbox 1425 1675 1728 1714; x_wconf 89' lang='lat' dir='ltr'>Trasumenum</span> <span class='ocrx_word' id='word_1_150' title='bbox 1747 1672 1912 1719; x_wconf 90' lang='lat' dir='ltr'>occidit,</span> 
     </span>
     <span class='ocr_line' id='line_1_22' title="bbox 295 1739 1914 1794; baseline -0.001 -14"><span class='ocrx_word' id='word_1_151' title='bbox 295 1742 497 1790; x_wconf 88' lang='lat' dir='ltr'>conditus,</span> <span class='ocrx_word' id='word_1_152' title='bbox 540 1749 654 1781; x_wconf 87' lang='lat' dir='ltr'>extra</span> <span class='ocrx_word' id='word_1_153' title='bbox 691 1747 854 1794; x_wconf 88' lang='lat' dir='ltr'>portam</span> <span class='ocrx_word' id='word_1_154' title='bbox 895 1741 1215 1791; x_wconf 87' lang='lat' dir='ltr'>Carmentalem,</span> <span class='ocrx_word' id='word_1_155' title='bbox 1252 1754 1376 1793; x_wconf 89' lang='lat' dir='ltr'>saepe</span> <span class='ocrx_word' id='word_1_156' title='bbox 1412 1740 1676 1781; x_wconf 89' lang='lat' dir='ltr'>contionibus</span> <span class='ocrx_word' id='word_1_157' title='bbox 1711 1739 1914 1779; x_wconf 89' lang='lat' dir='ltr'>habendis</span> 
     </span>
     <span class='ocr_line' id='line_1_23' title="bbox 295 1809 685 1849; baseline 0.003 -1"><span class='ocrx_word' id='word_1_158' title='bbox 295 1809 542 1849; x_wconf 83' lang='lat' dir='ltr'>inserviebat</span> <span class='ocrx_word' id='word_1_159' title='bbox 562 1810 613 1849; x_wconf 89' lang='lat'>55</span> <span class='ocrx_word' id='word_1_160' title='bbox 635 1822 685 1849; x_wconf 83' lang='lat'>22</span> 
     </span>
    </p>

    <p class='ocr_par' dir='ltr' id='par_1_12' title="bbox 247 1874 1914 2066">
     <span class='ocr_line' id='line_1_24' title="bbox 247 1874 1914 1926; baseline -0.002 -9"><span class='ocrx_word' id='word_1_161' title='bbox 247 1878 374 1917; x_wconf 88' lang='lat' dir='ltr'><em>Gaius</em></span> <span class='ocrx_word' id='word_1_162' title='bbox 404 1879 578 1917; x_wconf 83' lang='lat' dir='ltr'><em>Flavius</em></span> <span class='ocrx_word' id='word_1_163' title='bbox 603 1877 811 1924; x_wconf 86' lang='lat' dir='ltr'>Fimbria,</span> <span class='ocrx_word' id='word_1_164' title='bbox 843 1877 971 1916; x_wconf 91' lang='lat' dir='ltr'>homo</span> <span class='ocrx_word' id='word_1_165' title='bbox 998 1890 1142 1926; x_wconf 89' lang='lat' dir='ltr'>novus,</span> <span class='ocrx_word' id='word_1_166' title='bbox 1176 1876 1241 1916; x_wconf 91' lang='lat' dir='ltr'>vir</span> <span class='ocrx_word' id='word_1_167' title='bbox 1270 1876 1430 1925; x_wconf 92' lang='lat' dir='ltr'>bonus;</span> <span class='ocrx_word' id='word_1_168' title='bbox 1450 1875 1566 1915; x_wconf 75' lang='lat' dir='ltr'>&#39;satis</span> <span class='ocrx_word' id='word_1_169' title='bbox 1601 1874 1743 1926; x_wconf 90' lang='lat' dir='ltr'>magni</span> <span class='ocrx_word' id='word_1_170' title='bbox 1778 1874 1843 1914; x_wconf 86' lang='lat' dir='ltr'>vir</span> <span class='ocrx_word' id='word_1_171' title='bbox 1873 1879 1914 1914; x_wconf 90' lang='lat' dir='ltr'>et</span> 
     </span>
     <span class='ocr_line' id='line_1_25' title="bbox 296 1943 1908 1998; baseline -0.001 -15"><span class='ocrx_word' id='word_1_172' title='bbox 296 1944 423 1984; x_wconf 87' lang='lat' dir='ltr'>animi</span> <span class='ocrx_word' id='word_1_173' title='bbox 451 1950 492 1984; x_wconf 91' lang='lat' dir='ltr'>et</span> <span class='ocrx_word' id='word_1_174' title='bbox 521 1944 681 1984; x_wconf 88' lang='lat' dir='ltr'>consilii</span> <span class='ocrx_word' id='word_1_175' title='bbox 705 1944 755 1982; x_wconf 87' lang='lat'>12</span> <span class='ocrx_word' id='word_1_176' title='bbox 777 1957 841 1995; x_wconf 83' lang='lat'>31,</span> <span class='ocrx_word' id='word_1_177' title='bbox 875 1958 956 1984; x_wconf 90' lang='lat' dir='ltr'>cos.</span> <span class='ocrx_word' id='word_1_178' title='bbox 981 1958 1020 1983; x_wconf 84' lang='lat' dir='ltr'>a.</span> <span class='ocrx_word' id='word_1_179' title='bbox 1047 1957 1134 1995; x_wconf 92' lang='lat'>104,</span> <span class='ocrx_word' id='word_1_180' title='bbox 1169 1945 1380 1984; x_wconf 86' lang='lat' dir='ltr'>tribunatu</span> <span class='ocrx_word' id='word_1_181' title='bbox 1408 1943 1543 1998; x_wconf 89' lang='lat' dir='ltr'>plebis</span> <span class='ocrx_word' id='word_1_182' title='bbox 1570 1943 1812 1995; x_wconf 80' lang='lat' dir='ltr'>praeteritus</span> <span class='ocrx_word' id='word_1_183' title='bbox 1834 1949 1908 1991; x_wconf 89' lang='lat' dir='ltr'>est,</span> 
     </span>
     <span class='ocr_line' id='line_1_26' title="bbox 298 2012 1392 2066; baseline 0.001 -15"><span class='ocrx_word' id='word_1_184' title='bbox 298 2013 354 2063; x_wconf 84' lang='lat' dir='ltr'>Q.</span> <span class='ocrx_word' id='word_1_185' title='bbox 375 2013 525 2053; x_wconf 90' lang='lat' dir='ltr'>Catulo</span> <span class='ocrx_word' id='word_1_186' title='bbox 545 2013 587 2051; x_wconf 92' lang='lat' dir='ltr'>in</span> <span class='ocrx_word' id='word_1_187' title='bbox 607 2012 823 2052; x_wconf 89' lang='lat' dir='ltr'>consulatu</span> <span class='ocrx_word' id='word_1_188' title='bbox 841 2013 1024 2065; x_wconf 90' lang='lat' dir='ltr'>petendo</span> <span class='ocrx_word' id='word_1_189' title='bbox 1043 2013 1249 2066; x_wconf 87' lang='lat' dir='ltr'>praelatus</span> <span class='ocrx_word' id='word_1_190' title='bbox 1269 2012 1321 2051; x_wconf 87' lang='lat'>52</span> <span class='ocrx_word' id='word_1_191' title='bbox 1346 2025 1392 2065; x_wconf 84' lang='lat'>13</span> 
     </span>
    </p>
   </div>
   <div class='ocr_carea' id='block_1_6' title="bbox 243 2082 697 2134">
    <p class='ocr_par' dir='ltr' id='par_1_13' title="bbox 243 2082 697 2134">
     <span class='ocr_line' id='line_1_27' title="bbox 243 2082 697 2134; baseline -0.002 -13"><span class='ocrx_word' id='word_1_192' title='bbox 243 2083 423 2122; x_wconf 84' lang='lat' dir='ltr'><em>Flavus:</em></span> <span class='ocrx_word' id='word_1_193' title='bbox 450 2096 487 2122; x_wconf 89' lang='lat' dir='ltr'>v.</span> <span class='ocrx_word' id='word_1_194' title='bbox 502 2095 534 2122; x_wconf 92' lang='lat' dir='ltr'>s.</span> <span class='ocrx_word' id='word_1_195' title='bbox 555 2082 697 2134; x_wconf 89' lang='lat' dir='ltr'><em>Alfius</em></span> 
     </span>
    </p>
   </div>
   <div class='ocr_carea' id='block_1_7' title="bbox 1106 2234 1146 2274">
    <p class='ocr_par' dir='ltr' id='par_1_14' title="bbox 1106 2234 1146 2274">
     <span class='ocr_line' id='line_1_28' title="bbox 1106 2234 1146 2274; baseline 0 0"><span class='ocrx_word' id='word_1_196' title='bbox 1106 2234 1146 2274; x_wconf 88' lang='lat' dir='ltr'>G</span> 
     </span>
    </p>
   </div>
   <div class='ocr_carea' id='block_1_8' title="bbox 243 2326 1913 2718">
    <p class='ocr_par' dir='ltr' id='par_1_15' title="bbox 249 2326 1910 2449">
     <span class='ocr_line' id='line_1_29' title="bbox 249 2326 1910 2379; baseline 0 -13"><span class='ocrx_word' id='word_1_197' title='bbox 249 2327 378 2373; x_wconf 85' lang='lat' dir='ltr'>Gabii,</span> <span class='ocrx_word' id='word_1_198' title='bbox 403 2326 674 2379; x_wconf 90' lang='lat' dir='ltr'>municipium</span> <span class='ocrx_word' id='word_1_199' title='bbox 703 2328 912 2378; x_wconf 81' lang='lat' dir='ltr'>Latinum,</span> <span class='ocrx_word' id='word_1_200' title='bbox 945 2329 1084 2369; x_wconf 90' lang='lat' dir='ltr'>medio</span> <span class='ocrx_word' id='word_1_201' title='bbox 1122 2329 1230 2369; x_wconf 88' lang='lat' dir='ltr'>inter</span> <span class='ocrx_word' id='word_1_202' title='bbox 1263 2329 1442 2369; x_wconf 89' lang='lat' dir='ltr'>Romam</span> <span class='ocrx_word' id='word_1_203' title='bbox 1472 2333 1513 2368; x_wconf 87' lang='lat' dir='ltr'>et</span> <span class='ocrx_word' id='word_1_204' title='bbox 1552 2328 1772 2368; x_wconf 88' lang='lat' dir='ltr'>Praeneste</span> <span class='ocrx_word' id='word_1_205' title='bbox 1803 2326 1910 2367; x_wconf 91' lang='lat' dir='ltr'>loco.</span> 
     </span>
     <span class='ocr_line' id='line_1_30' title="bbox 301 2394 921 2449; baseline 0.002 -15"><span class='ocrx_word' id='word_1_206' title='bbox 301 2394 415 2434; x_wconf 91' lang='lat' dir='ltr'>Hinc</span> <span class='ocrx_word' id='word_1_207' title='bbox 440 2394 599 2433; x_wconf 85' lang='lat' dir='ltr'><em>Gabina</em></span> <span class='ocrx_word' id='word_1_208' title='bbox 617 2395 807 2436; x_wconf 87' lang='lat' dir='ltr'>vicinitas</span> <span class='ocrx_word' id='word_1_209' title='bbox 827 2397 877 2435; x_wconf 84' lang='lat'>23</span> <span class='ocrx_word' id='word_1_210' title='bbox 899 2411 921 2449; x_wconf 83' lang='lat'>3</span> 
     </span>
    </p>

    <p class='ocr_par' dir='ltr' id='par_1_16' title="bbox 243 2460 1913 2718">
     <span class='ocr_line' id='line_1_31' title="bbox 243 2460 1912 2517; baseline 0.001 -15"><span class='ocrx_word' id='word_1_211' title='bbox 243 2463 299 2502; x_wconf 91' lang='lat' dir='ltr'>A.</span> <span class='ocrx_word' id='word_1_212' title='bbox 328 2460 526 2500; x_wconf 82' lang='lat' dir='ltr'><em>Gabinius</em></span> <span class='ocrx_word' id='word_1_213' title='bbox 555 2467 605 2500; x_wconf 85' lang='lat' dir='ltr'>tr.</span> <span class='ocrx_word' id='word_1_214' title='bbox 628 2463 687 2514; x_wconf 90' lang='lat' dir='ltr'>pl.</span> <span class='ocrx_word' id='word_1_215' title='bbox 704 2477 738 2503; x_wconf 92' lang='lat' dir='ltr'>a.</span> <span class='ocrx_word' id='word_1_216' title='bbox 766 2463 818 2514; x_wconf 89' lang='lat'>67</span> <span class='ocrx_word' id='word_1_217' title='bbox 848 2465 942 2504; x_wconf 89' lang='lat' dir='ltr'>tulit</span> <span class='ocrx_word' id='word_1_218' title='bbox 961 2470 1006 2505; x_wconf 93' lang='lat' dir='ltr'>ut</span> <span class='ocrx_word' id='word_1_219' title='bbox 1026 2465 1105 2505; x_wconf 90' lang='lat' dir='ltr'>Cn.</span> <span class='ocrx_word' id='word_1_220' title='bbox 1141 2465 1343 2517; x_wconf 89' lang='lat' dir='ltr'>Pompeio</span> <span class='ocrx_word' id='word_1_221' title='bbox 1368 2465 1590 2517; x_wconf 90' lang='lat' dir='ltr'>imperium</span> <span class='ocrx_word' id='word_1_222' title='bbox 1623 2470 1766 2504; x_wconf 90' lang='lat' dir='ltr'>contra</span> <span class='ocrx_word' id='word_1_223' title='bbox 1795 2477 1912 2516; x_wconf 89' lang='lat' dir='ltr'>prae-</span> 
     </span>
     <span class='ocr_line' id='line_1_32' title="bbox 298 2531 1912 2581; baseline 0 -11"><span class='ocrx_word' id='word_1_224' title='bbox 298 2531 427 2571; x_wconf 87' lang='lat' dir='ltr'>dones</span> <span class='ocrx_word' id='word_1_225' title='bbox 454 2532 683 2571; x_wconf 85' lang='lat' dir='ltr'>traderetur</span> <span class='ocrx_word' id='word_1_226' title='bbox 698 2545 710 2580; x_wconf 84' lang='lat'>3</span> <span class='ocrx_word' id='word_1_227' title='bbox 739 2544 833 2571; x_wconf 89' lang='lat' dir='ltr'>cum</span> <span class='ocrx_word' id='word_1_228' title='bbox 861 2532 1043 2572; x_wconf 89' lang='lat' dir='ltr'>Catilina</span> <span class='ocrx_word' id='word_1_229' title='bbox 1072 2538 1114 2572; x_wconf 93' lang='lat' dir='ltr'>et</span> <span class='ocrx_word' id='word_1_230' title='bbox 1139 2532 1292 2572; x_wconf 90' lang='lat' dir='ltr'>Clodio</span> <span class='ocrx_word' id='word_1_231' title='bbox 1323 2532 1563 2572; x_wconf 90' lang='lat' dir='ltr'>coniunctus</span> <span class='ocrx_word' id='word_1_232' title='bbox 1593 2532 1645 2572; x_wconf 82' lang='lat'>87</span> <span class='ocrx_word' id='word_1_233' title='bbox 1665 2545 1741 2581; x_wconf 83' lang='lat'>243</span> <span class='ocrx_word' id='word_1_234' title='bbox 1769 2544 1854 2571; x_wconf 85' lang='lat' dir='ltr'>cos.</span> <span class='ocrx_word' id='word_1_235' title='bbox 1873 2545 1912 2571; x_wconf 88' lang='lat' dir='ltr'>a.</span> 
     </span>
     <span class='ocr_line' id='line_1_33' title="bbox 299 2599 1913 2653; baseline 0.001 -15"><span class='ocrx_word' id='word_1_236' title='bbox 299 2601 350 2648; x_wconf 75' lang='lat'>58</span> <span class='ocrx_word' id='word_1_237' title='bbox 384 2613 477 2639; x_wconf 92' lang='lat' dir='ltr'>cum</span> <span class='ocrx_word' id='word_1_238' title='bbox 506 2599 668 2649; x_wconf 88' lang='lat' dir='ltr'>Pisone,</span> <span class='ocrx_word' id='word_1_239' title='bbox 701 2613 738 2639; x_wconf 86' lang='lat' dir='ltr'>a.</span> <span class='ocrx_word' id='word_1_240' title='bbox 779 2609 906 2651; x_wconf 83' lang='lat'>57—5</span> <span class='ocrx_word' id='word_1_241' title='bbox 914 2611 935 2651; x_wconf 85' lang='lat'>5</span> <span class='ocrx_word' id='word_1_242' title='bbox 973 2601 1134 2651; x_wconf 91' lang='lat' dir='ltr'>Syriam</span> <span class='ocrx_word' id='word_1_243' title='bbox 1166 2601 1481 2650; x_wconf 86' lang='lat' dir='ltr'>administravit,</span> <span class='ocrx_word' id='word_1_244' title='bbox 1504 2600 1678 2653; x_wconf 91' lang='lat' dir='ltr'>pecunia</span> <span class='ocrx_word' id='word_1_245' title='bbox 1700 2605 1913 2651; x_wconf 87' lang='lat' dir='ltr'>corruptus</span> 
     </span>
     <span class='ocr_line' id='line_1_34' title="bbox 299 2664 1907 2718; baseline -0.001 -14"><span class='ocrx_word' id='word_1_246' title='bbox 299 2678 362 2704; x_wconf 88' lang='lat' dir='ltr'>res</span> <span class='ocrx_word' id='word_1_247' title='bbox 382 2665 631 2705; x_wconf 89' lang='lat' dir='ltr'>Iudaeorum</span> <span class='ocrx_word' id='word_1_248' title='bbox 664 2671 704 2705; x_wconf 91' lang='lat' dir='ltr'>et</span> <span class='ocrx_word' id='word_1_249' title='bbox 734 2666 1036 2718; x_wconf 84' lang='lat' dir='ltr'>Aegyptiorum</span> <span class='ocrx_word' id='word_1_250' title='bbox 1064 2666 1291 2714; x_wconf 87' lang='lat' dir='ltr'>constituit,</span> <span class='ocrx_word' id='word_1_251' title='bbox 1311 2667 1533 2706; x_wconf 86' lang='lat' dir='ltr'>exercitum</span> <span class='ocrx_word' id='word_1_252' title='bbox 1561 2665 1746 2705; x_wconf 89' lang='lat' dir='ltr'>vendidit</span> <span class='ocrx_word' id='word_1_253' title='bbox 1773 2664 1826 2703; x_wconf 89' lang='lat'>86</span> <span class='ocrx_word' id='word_1_254' title='bbox 1846 2677 1907 2714; x_wconf 88' lang='lat'>11,</span> 
     </span>
    </p>
   </div>
   <div class='ocr_carea' id='block_1_9' title="bbox 298 2730 1911 2840">
    <p class='ocr_par' dir='ltr' id='par_1_17' title="bbox 298 2730 1911 2840">
     <span class='ocr_line' id='line_1_35' title="bbox 299 2730 1911 2785; baseline -0.001 -13"><span class='ocrx_word' id='word_1_255' title='bbox 299 2745 483 2772; x_wconf 88' lang='lat' dir='ltr'>reversus</span> <span class='ocrx_word' id='word_1_256' title='bbox 501 2732 737 2783; x_wconf 84' lang='lat' dir='ltr'>maiestatis,</span> <span class='ocrx_word' id='word_1_257' title='bbox 759 2734 1092 2785; x_wconf 85' lang='lat' dir='ltr'>repetundarum,</span> <span class='ocrx_word' id='word_1_258' title='bbox 1116 2733 1295 2774; x_wconf 85' lang='lat' dir='ltr'>ambitus</span> <span class='ocrx_word' id='word_1_259' title='bbox 1314 2739 1525 2774; x_wconf 87' lang='lat' dir='ltr'>accusatus</span> <span class='ocrx_word' id='word_1_260' title='bbox 1545 2738 1586 2773; x_wconf 91' lang='lat' dir='ltr'>et</span> <span class='ocrx_word' id='word_1_261' title='bbox 1604 2732 1657 2772; x_wconf 92' lang='lat' dir='ltr'>de</span> <span class='ocrx_word' id='word_1_262' title='bbox 1676 2730 1911 2784; x_wconf 89' lang='lat' dir='ltr'>repetundis</span> 
     </span>
     <span class='ocr_line' id='line_1_36' title="bbox 298 2798 607 2840; baseline 0 -2"><span class='ocrx_word' id='word_1_263' title='bbox 298 2798 516 2839; x_wconf 82' lang='lat' dir='ltr'>damnatus</span> <span class='ocrx_word' id='word_1_264' title='bbox 533 2806 607 2840; x_wconf 90' lang='lat' dir='ltr'>est.</span> 
     </span>
    </p>
   </div>
  </div>
 </body>
</html>
