2046 3112
109 163 193 213 ΙΙΙ
221 158 271 228 8]
430 162 582 212 PRO
633 162 742 211 CN.
780 162 1116 212 PLANCIO
1167 161 1448 212 ORATIO
1745 178 1773 225 3

105 270 263 332 citiae,
290 287 416 335 quae
441 270 560 319 mihi
585 285 699 319 cum
723 270 808 319 illo
832 270 929 319 iam
953 270 1039 320 diu
1064 279 1152 331 est,
1178 280 1232 319 ut
1255 269 1390 319 idem
1415 269 1560 319 amici
1584 286 1778 334 semper

106 354 286 416 velint3
330 370 494 416 neque
531 362 606 402 est
643 354 795 400 ullum
833 352 1078 402 amicitiae
1115 352 1293 402 certius
1330 352 1582 400 vinculum
1628 370 1778 415 quam

105 452 378 487 consensus
416 445 465 483 et
513 434 723 483 societas
771 433 1092 482 consiliorum
1140 443 1190 482 et
1236 435 1560 483 voluntatum.
1656 433 1779 483 mihi

104 529 270 569 autern
318 534 420 566 non
467 517 519 566 id
554 526 627 565 est
664 517 715 564 in
750 517 845 565 hac
879 533 931 566 re
967 515 1386 575 molestissimum,
1425 523 1599 565 contra
1639 515 1777 566 illum

12 602 22 621 ’
63 624 82 659 5
105 601 282 658 dicere,
314 602 403 649 sed
431 601 588 648 multo
620 598 744 647 illud
779 599 948 661 magis,
986 599 1123 661 quod
1158 598 1209 646 in
1241 614 1301 646 ea
1328 613 1476 646 causa
1508 606 1678 646 contra
1710 597 1781 646 di-

94 672 320 731 cendum
367 690 454 741 est,
496 680 546 729 in
594 697 694 743 qua
731 681 976 743 quaedam
1018 680 1276 729 hominum
1323 680 1540 743 ipsorum
1586 680 1781 729 videtur

104 762 332 813 facienda
373 778 481 811 esse
522 761 795 811 contentio.
883 761 1074 824 quaerit
1121 761 1255 810 enim
1303 760 1582 810 Laterensis
1629 771 1777 824 atque
1803 766 1831 813 6

103 844 201 896 hoc
231 859 333 892 uno
362 842 577 891 maxime
605 852 759 905 urget,
798 858 898 905 qua
929 858 981 891 se
1012 842 1205 902 virtute,
1240 859 1340 905 qua
1362 843 1508 891 laude
1534 843 1776 903 Plancius,

103 941 204 988 qua
236 924 475 988 dignitate
504 924 755 987 superarit.
827 923 910 983 ita,
937 924 977 972 si
1002 925 1128 972 cedo
1153 923 1282 972 illius
1307 924 1624 985 ornamentis,
1651 942 1780 988 quae

41 1030 83 1053 10
104 1005 261 1052 multa
307 1013 356 1052 et
394 1019 574 1066 magna
614 1011 742 1062 sunt,
787 1018 890 1050 non
926 1003 1088 1050 solum
1124 1002 1271 1051 huius
1307 1003 1558 1066 dignitatis
1593 1004 1780 1054 iactura

103 1084 332 1133 facienda
366 1093 454 1142 est,
493 1083 583 1132 sed
616 1082 767 1132 etiam
802 1081 1072 1144 largitionis
1108 1083 1392 1146 recipienda
1422 1084 1635 1148 suspicio
1672 1094 1780 1134 est:

105 1165 181 1215 sin
209 1167 343 1214 hunc
374 1164 445 1213 illi
481 1173 749 1227 antepono,
789 1164 1153 1214 contumeliosa
1185 1167 1417 1215 habenda
1445 1175 1519 1216 est
1548 1167 1706 1217 oratio
1731 1178 1781 1218 et

104 1248 375 1298 dicendum
399 1256 473 1296 est
497 1247 564 1308 id,
591 1248 727 1310 quod
751 1247 832 1295 ille
857 1264 937 1296 me
962 1247 1161 1310 flagitat,
1189 1250 1507 1298 Laterensem
1527 1260 1556 1298 a
1576 1250 1780 1300 Plancio

105 1329 344 1393 dignitate
380 1346 487 1378 esse
523 1339 820 1392 superatum.
892 1329 962 1378 ita
989 1340 1074 1379 aut
1106 1330 1392 1380 amicissimi
1420 1333 1635 1381 hominis
1661 1334 1782 1383 exis-

42 1430 79 1462 τε
104 1411 297 1461 timatio
337 1412 638 1460 offendenda
673 1410 841 1471 est,‘si
877 1411 1011 1459 illam
1054 1412 1382 1462 accusationis
1429 1414 1780 1464 condicionem

105 1509 295 1556 sequar,
344 1503 429 1542 aut
475 1493 664 1556 optime
713 1494 776 1542 de
820 1510 901 1542 me
947 1494 1108 1543 meriti
1152 1496 1281 1543 salus
1330 1496 1620 1545 deserenda.
1693 1498 1779 1546 ΙΙΙ

105 1575 196 1623 sed
236 1590 344 1638 ego,
382 1573 675 1634 Laterensis,
714 1590 918 1623 caecum
957 1591 1037 1623 me
1080 1584 1129 1623 et
1163 1576 1485 1638 praecipitem
1521 1576 1631 1625 ferri
1667 1594 1782 1626 con-

105 1656 246 1704 fitear
280 1655 332 1703 in
373 1671 536 1714 causa,
581 1655 622 1703 si
658 1665 708 1704 te
746 1664 832 1704 aut
869 1673 900 1704 a
942 1655 1145 1704 Plancio
1181 1667 1267 1706 aut
1303 1659 1366 1705 ab
1403 1659 1506 1707 ullo
1542 1657 1782 1722 dignitate

39 1774 45 1779 «
104 1735 326 1800 potuisse
347 1735 563 1798 superari
583 1735 766 1785 dixero.
810 1736 980 1799 itaque
1004 1737 1256 1786 discedam
1278 1741 1341 1787 ab
1362 1755 1421 1787 ea
1445 1739 1781 1800 contentione,

42 1847 84 1869 20
106 1819 170 1867 ad
212 1834 363 1881 quarn
400 1827 455 1867 tu
491 1834 570 1866 me
605 1834 767 1877 vocas,
806 1826 857 1866 et
890 1817 1088 1867 veniam
1123 1820 1188 1868 ad
1219 1818 1372 1877 illam,
1410 1821 1475 1869 ad
1509 1838 1660 1884 quam
1701 1839 1783 1871 me

105 1916 254 1948 causa
291 1899 398 1963 ipsa
436 1899 651 1949 deducit.
726 1899 859 1963 quid,
902 1909 957 1949 tu
1006 1903 1220 1949 idoneum
1267 1901 1518 1965 dignitatis
1565 1903 1782 1952 iudicem
1806 1905 1836 1953 7

105 1990 253 2045 putas
289 1997 396 2029 esse
432 1982 713 2044 populum?
764 1982 971 2030 fortasse
1014 1998 1392 2046 nonnumquam
1431 1992 1518 2033 est.
1591 1985 1783 2033 utinam

106 2074 443 2124 verosemper
471 2065 628 2110 esset!
666 2062 754 2111 sed
787 2071 860 2111 est
892 2079 1102 2125 perraro,
1134 2072 1183 2112 et
1216 2063 1256 2112 si
1285 2066 1488 2126 quando
1521 2074 1609 2124 est,
1626 2065 1687 2122 ,in
1711 2063 1783 2114 eis

106 2142 468 2205 magistratibus
517 2151 591 2191 est
629 2142 939 2203 mandandis,
981 2143 1159 2206 quibus
1207 2146 1416 2193 salutem
1458 2162 1597 2195 suam
1645 2163 1783 2195 com-

44 2254 84 2285 25
107 2222 234 2270 mitti
287 2231 454 2285 putat:
517 2222 594 2271 his
648 2221 913 2271 levioribus
967 2223 1180 2272 comitiis
1235 2224 1489 2288 diligentia
1537 2236 1585 2275 et
1630 2227 1784 2289 gratia

106 2303 372 2367 petitorum
408 2306 568 2354 honos
603 2304 799 2368 paritur,
829 2322 931 2354 non
967 2305 1037 2354 eis
1073 2293 1392 2367 ornamentis,
1426 2324 1554 2370 quae
1587 2325 1694 2357 esse
1730 2308 1782 2356 in

106 2394 155 2434 te
189 2385 426 2434 videmus.
500 2403 616 2434 nam
652 2387 787 2449 quod
822 2389 887 2436 ad
919 2389 1159 2451 populum
1195 2389 1421 2451 pertinet,
1453 2406 1647 2453 semper
1682 2389 1784 2454 <lig-

105 2465 269 2514 nitatis
305 2466 502 2527 iniquus
538 2466 687 2515 iudex
722 2477 796 2516 est
831 2468 918 2530 qui
953 2478 1037 2517 aut
1074 2468 1262 2518 invidet
1293 2480 1378 2518 aut
1409 2472 1568 2532 favet3
1610 2488 1782 2534 quarn·

106 2562 255 2609 quarn
295 2546 418 2594 nihil
458 2555 600 2610 potes
648 2547 700 2595 in
741 2557 804 2608 te,
857 2550 1152 2611 Laterensis,
1194 2550 1493 2600 constituere
1535 2553 1673 2615 quod
1720 2553 1783 2603 sit

42 2655 85 2688 30
105 2630 355 2694 proprium
378 2631 538 2680 laudis
563 2642 689 2693 tuae,
712 2633 831 2696 quin
855 2634 907 2682 id
931 2634 1021 2683 tibi
1046 2634 1107 2684 sit
1131 2653 1396 2685 commune
1421 2654 1536 2685 cum
1564 2639 1779 2689 Plancio.

105 2713 194 2762 sed
229 2714 327 2762 hoc
363 2723 523 2763 totum
558 2724 729 2778 agetur
763 2715 861 2764 alio
896 2717 1040 2766 loco:
1082 2733 1217 2765 nunc
1254 2727 1445 2766 tantum
1483 2719 1682 2783 disputo
1716 2723 1780 2772 de
1804 2728 1835 2775 8

105 2791 209 2843 iure
249 2793 434 2856 populi,
478 2793 562 2858 qui
605 2805 654 2845 et
694 2805 860 2858 potest
907 2806 955 2845 et
1003 2798 1129 2847 solet
1175 2814 1554 2862 nonnumquam
1602 2801 1782 2864 dignos

104 2872 380 2934 praeterire,
416 2889 511 2923 nec
545 2873 587 2924 si
616 2890 648 2923 a
682 2876 868 2938 populo
904 2875 1195 2938 praeteritus
1227 2885 1302 2927 est
1331 2893 1481 2941 quem
1513 2894 1615 2927 non
1640 2895 1782 2943 opor-

1500 2987 1635 3025 1—-2
