2046 3112
137 174 273 224 xm
299 170 386 240 33]
467 172 618 223 PRO
670 173 779 223 CM
825 170 1161 221 PLANCIO
1211 169 1490 220 ORATIO
1748 183 1807 230 13

137 283 338 348 quidem
363 280 518 346 possit
535 298 814 345 agnoscere.
865 278 1145 331 bimaritum
1169 280 1405 343 appellaS,
1421 287 1476 328 ut
1493 279 1643 328 verba
1660 277 1808 327 etiarn

136 367 306 428 fingas,
326 381 428 413 non
449 365 608 413 solum
633 362 849 412 crimina.
905 362 1110 411 ductum
1135 377 1242 411 esse
1261 362 1324 410 ab
1343 377 1405 409 eo
1429 359 1480 407 in
1504 358 1810 423 provinciam

136 447 353 510 aliquem
377 445 500 495 dicis
535 444 756 495 libidinis
785 459 949 504 causa,
976 445 1113 507 quod
1146 459 1248 492 non
1279 442 1466 491 crimen
1499 450 1587 499 est,
1614 441 1702 490 sed
1726 439 1812 488 im-

137 528 365 592 punitum
400 526 452 576 in
483 525 750 575 maledicto
781 524 1113 574 mendacium.
1183 533 1374 586 raptam
1398 539 1505 571 esse
1533 522 1814 570 mimulam:

97 637 116 668 ⁵
139 608 274 671 quod
310 606 487 657 dicitur
521 606 699 657 Atinae
739 607 925 654 factum
961 621 991 652 a
1026 605 1277 654 iuventute
1311 613 1476 652 vetere
1511 603 1730 665 quodam
1762 600 1814 649 in

139 686 393 736 scaenicos
426 687 528 736 iure
563 686 876 748 maximeque
909 676 1178 748 oppidano.
1251 699 1282 732 o
1307 681 1693 732 adulescentiam
1725 689 1815 728 tra·
1837 687 1898 736 31

138 770 343 818 ductam
375 770 645 831 eleganter!
681 767 762 815 cui
794 766 996 830 quidem
1028 782 1144 814 cum
1176 765 1313 828 quod
1343 763 1533 813 licuerit
1558 761 1813 821 obiciatur,

139 859 308 900 tamen
348 850 403 899 id
440 850 605 914 ipsum
644 851 821 898 falsum
858 847 1139 911 reperiatur.
1214 846 1444 895 ‘emissus
1481 843 1635 907 aliqui
1666 861 1692 893 e
1717 860 1816 892 car-

139 934 280 982 cere.'
353 941 402 982 et
443 932 645 995 quidem
684 930 890 980 emissus
931 946 1019 993 per
1058 927 1456 992 imprudentiam,
1498 926 1719 986 emissus,
1761 933 1817 973 ut

77 1040 118 1062 10
140 1013 402 1078 cognostis,
428 1011 689 1063 necessarii
719 1011 935 1061 hominis
968 1011 1244 1074 optimique
1267 1008 1597 1060 adulescentis
1621 1015 1816 1072 rogatu:

139 1095 274 1145 idem
309 1105 484 1159 postea
516 1093 881 1158 praemandatis
915 1092 1193 1156 requisitus.
1266 1101 1416 1154 atque
1440 1093 1565 1140 haec
1596 1106 1690 1140 nec
1718 1090 1818 1138 ulla

140 1177 236 1224 alia
259 1186 372 1225 sunt
396 1175 623 1225 coniecta
654 1174 921 1223 maledicta
952 1173 1004 1221 in
1038 1173 1141 1222 eius
1165 1172 1334 1233 vitam,
1362 1174 1424 1221 de
1457 1172 1595 1220 cuius
1619 1187 1708 1220 vos
1732 1186 1818 1234 pu-

139 1257 260 1305 dore
290 1254 531 1317 religione
567 1253 846 1316 integritate
882 1251 1133 1301 dubitetis.
1206 1253 1345 1300 XIII
1390 1255 1552 1314 ‘pater
1578 1253 1716 1302 vero'
1747 1252 1817 1301 in-

141 1336 248 1399 quit
274 1336 444 1385 ‘etiam
469 1337 645 1384 obesse
668 1335 769 1383 filio
794 1333 974 1383 debet.'
1036 1350 1067 1382 o
1089 1349 1267 1382 vocem
1293 1333 1465 1381 duram
1489 1342 1640 1396 atque
1664 1334 1820 1398 indig-

79 1441 118 1472 15
140 1434 257 1465 nam
297 1426 382 1466 tua
416 1416 673 1479 probitate,
716 1414 1018 1464 Laterensis!
1067 1423 1206 1478 pater
1239 1423 1294 1463 ut
1325 1413 1377 1462 in
1404 1413 1590 1463 iudicio
1626 1414 1817 1478 capitis,

139 1508 279 1562 pater
302 1507 357 1546 ut
380 1496 432 1545 in
456 1496 774 1545 dimicatione
797 1497 1118 1555 fortunarum,
1147 1503 1290 1557 pater
1310 1503 1366 1543 ut
1390 1496 1527 1556 apud
1557 1495 1667 1544 talis
1688 1495 1819 1544 viros

141 1581 317 1629 obesse
341 1578 442 1627 filio
467 1578 675 1627 debeat?
707 1576 792 1640 qui
817 1575 858 1625 si
882 1584 1010 1624 esset
1029 1574 1354 1638 turpissimus,
1377 1574 1416 1623 si
1436 1575 1817 1637 sordidissimus,

140 1670 309 1710 tamen
339 1661 450 1723 ipso
474 1659 678 1709 nomine
710 1658 869 1722 patrio
894 1659 1077 1707 valeret
1108 1657 1242 1719 apud
1275 1656 1533 1705 clementis
1558 1656 1745 1707 iudices
1771 1668 1820 1708 et

141 1742 496 1801 misericordis3
537 1743 734 1801 valeret,
771 1741 989 1803 inquam,
1028 1738 1283 1788 communi
1324 1755 1470 1787 sensu
1510 1739 1735 1788 omnium
1772 1749 1821 1789 et

75 1851 117 1874 ρο
141 1824 426 1875 dulcissima
459 1822 895 1874 commendatione
927 1831 1146 1871 naturae.
1219 1822 1308 1870 sed
1333 1838 1447 1869 cum
1472 1820 1532 1871 sit
1559 1823 1649 1872 Cn.
1680 1824 1821 1871 Plan·
1845 1823 1907 1871 32

141 1906 245 1955 cius
279 1905 320 1954 is
358 1921 509 1968 eques
535 1907 807 1964 Romanus,
842 1920 902 1953 ea
936 1903 1151 1966 primum
1177 1911 1424 1951 vetustate
1460 1903 1699 1965 equestris
1736 1921 1822 1954 no-

142 1985 304 2047 minis,
332 1994 386 2034 ut
410 1994 564 2048 pater,
590 1994 644 2034 ut
679 2001 812 2046 avus,
839 1993 895 2032 ut
918 1983 1129 2032 maiores
1154 1981 1258 2031 eius
1288 1999 1464 2031 omnes
1501 1984 1694 2046 equites
1721 1987 1822 2035 Ro-

140 2065 275 2114 mani
310 2065 500 2124 fuerint,
528 2081 776 2113 summum
806 2063 860 2112 in
894 2065 1204 2127 praefectura
1235 2063 1580 2114 florentissima
1610 2066 1820 2127 gradum

140 2146 388 2196 tenuerint
411 2154 461 2194 et
485 2144 735 2208 dignitatis
762 2154 809 2194 et
834 2144 1017 2208 gratiae
1029 2162 1042 2204 3
1067 2143 1251 2193 deinde
1275 2153 1330 2192 ut
1354 2144 1522 2207 ipsein
1543 2145 1821 2208 legionibus

79 2261 120 2292 25
143 2231 195 2277 P.
235 2227 400 2278 Crassi
444 2227 750 2291 imperatoris
797 2227 925 2276 inter
971 2227 1309 2276 ornatissimos
1350 2227 1592 2289 homines,
1631 2229 1821 2292 equites
1862 2252 1866 2257 ·

141 2311 415 2367 Romanos,
443 2325 639 2357 summo
665 2308 928 2372 splendore
951 2307 1124 2357 fuerit:
1167 2317 1222 2356 ut
1245 2317 1420 2371 postea
1442 2308 1672 2372 princeps
1696 2309 1823 2359 inter

142 2405 257 2437 suos
297 2388 619 2451 plurimarum
664 2405 829 2436 rerum
871 2388 1209 2437 sanctissimus
1246 2398 1294 2438 et
1328 2389 1621 2438 iustissimus
1656 2389 1819 2450 iudex,

141 2470 464 2518 maximarum
489 2469 783 2518 societatum
806 2478 992 2530 auctor,
1018 2470 1340 2533 plurimarum
1364 2471 1596 2534 magister
1602 2489 1616 2533 3
1654 2471 1694 2520 si
1719 2488 1821 2521 non

141 2552 296 2600 modo
336 2550 388 2599 in
426 2567 487 2599 eo
522 2550 644 2598 nihil
679 2567 916 2614 umquam
951 2553 1318 2615 reprehensum,
1353 2554 1443 2601 sed
1474 2554 1674 2602 laudata
1708 2563 1823 2602 sunt

78 2663 121 2695 30
143 2631 324 2691 omnia,
344 2641 511 2680 tamen
535 2631 575 2680 is
601 2631 758 2681 oberit
782 2633 1133 2682 honestissimo
1158 2634 1259 2681 filio
1284 2642 1435 2696 pater,
1455 2634 1539 2696 qui
1554 2635 1633 2683 vel
1657 2634 1821 2684 minus

142 2713 407 2761 honestum
432 2720 482 2761 et
505 2711 722 2760 alienum
747 2713 873 2762 tueri
895 2714 974 2762 vel
999 2714 1289 2762 auctoritate
1314 2730 1404 2762 sua
1426 2716 1505 2763 vel
1527 2716 1682 2778 gratia
1708 2733 1819 2779 pos-

144 2790 242 2841 sit?
311 2793 568 2856 ‘asperius'
605 2792 765 2856 inquit
794 2795 1011 2842 ‘locutus
1047 2803 1121 2843 est
1154 2794 1340 2857 aliquid
1368 2794 1665 2858 aliquando.'
1733 2796 1820 2845 im·
1845 2809 1909 2857 33

143 2887 229 2921 mo
263 2873 469 2923 fortasse
502 2873 710 2923 liberius.
805 2877 875 2923 ‘at
909 2874 962 2923 id
997 2874 1179 2937 ipsum'
1218 2875 1377 2938 inquit
1416 2879 1538 2925 ‘non
1564 2885 1638 2926 est
1660 2878 1818 2927 feren-
