2046 3112
846 95 1107 144 INDEX
1144 96 1187 144 I
1752 107 1775 138 2
1788 108 1807 140 1
1817 106 1848 155 9

173 201 395 254 Allifanus
430 206 597 252 tractus,
635 201 744 242 circa
779 201 954 255 Allifas,
997 200 1201 255 oppidum
1239 198 1490 242 Samnitium
1529 212 1651 253 supra
1688 198 1849 238 laevam

227 269 423 309 Volturni
447 269 580 324 ripam
600 269 651 307 22
676 268 727 310 26

181 336 228 376 T.
249 337 434 389 Ampius
459 337 632 385 Balbus,
654 337 946 390 Pompeianus,
969 350 1047 390 pro
1074 349 1159 378 cos.
1178 335 1364 382 Ciliciae,
1385 341 1434 376 tr.
1460 335 1518 387 pl.
1539 348 1578 375 a.
1600 334 1663 387 63,
1682 338 1851 387 praetor

225 418 263 446 a.
291 407 355 456 58,
380 406 432 445 25
456 420 508 457 24

170 476 370 516 Aniensis
388 476 518 516 tribus
539 475 591 516 54
613 486 636 529 7

170 544 237 582 M.
257 544 483 593 Antonius,
505 549 644 584 orator
662 556 859 592 summus,
880 556 980 583 avus
1001 541 1218 592 triumviri,
1241 555 1283 584 n.
1306 555 1345 582 a.
1374 554 1460 593 143,
1486 553 1568 581 cos.
1593 554 1631 580 a.
1648 551 1713 594 99,
1735 553 1847 580 cens.

223 626 263 652 a.
286 622 338 667 97
355 627 367 661 ;
397 613 449 652 C.
471 612 596 653 Marii
617 613 727 653 iussu
748 627 785 654 a.
812 615 861 664 87
883 612 1122 653 interfectus
1143 618 1217 661 est,
1243 612 1294 651 33
1319 610 1368 652 16

175 679 253 719 Cn.
284 679 518 732 Appuleius
544 680 821 726 Saturninus,
853 681 906 720 L.
923 680 968 733 f.
1001 680 1080 720 Cn.
1113 680 1273 720 Plancii
1300 679 1344 720 in
1373 679 1498 719 Creta
1520 677 1843 726 contubernalis,

223 748 310 788 eius
337 748 605 801 propinquuS,
631 750 670 788 ei
694 749 738 788 in
764 748 919 788 iudicio
948 748 1080 788 adfuit
1109 748 1160 788 27
1192 758 1257 799 27,
1291 747 1575 788 ornatissimus
1602 745 1666 785 vir
1694 745 1745 785 29
1781 747 1828 784 18

169 814 219 854 L.
252 815 482 867 Appuleius
508 816 783 866 Saturninus,
816 815 982 864 Atinas,
1007 814 1166 864 aedilis,
1189 819 1357 867 praetor
1375 827 1412 854 a.
1443 815 1494 864 58
1525 812 1569 852 in
1596 811 1848 852 Macedonia

224 882 276 920 28
296 881 333 931 6,
358 883 411 923 99
434 894 482 922 22

167 952 402 1003 Aquinum,
426 951 699 1005 municipium
724 951 837 991 Latii
855 950 1059 1004 frequens,
1083 951 1132 991 h.
1160 949 1378 1004 Aquino.
1436 949 1686 1002 Aquinates,
1719 949 1846 989 vicini

221 1018 495 1071 Arpinatibus
515 1024 555 1058 et
574 1019 827 1066 Atinatibus,
852 1019 904 1056 22
927 1028 975 1068 25

166 1088 356 1139 Arpinas
380 1101 430 1128 ex
458 1087 624 1140 Arpina
656 1088 771 1140 quod
796 1094 884 1128 erat
912 1087 1163 1128 Volscorum
1193 1087 1395 1140 oppidum
1425 1086 1469 1126 in
1495 1087 1602 1127 colle
1631 1087 1762 1126 arduo
1790 1086 1844 1126 ad

223 1156 450 1195 Fibrenum
476 1162 517 1195 et
544 1155 676 1195 Lirim
701 1155 874 1194 flumina
893 1155 1032 1203 situm,
1059 1154 1232 1195 Samnio
1252 1153 1427 1203 confine,
1451 1154 1724 1206 municipium
1743 1154 1842 1193 inde

220 1238 246 1265 a
272 1225 384 1265 bello
419 1225 649 1266 Samnitico
686 1226 816 1265 altero
849 1225 968 1265 finito
1002 1239 1041 1265 a.
1076 1237 1167 1277 303,
1206 1224 1401 1277 suffragio
1435 1225 1635 1264 donatum
1669 1238 1707 1264 a.
1747 1225 1836 1272 188,

221 1292 470 1332 Ciceronum
491 1298 532 1332 et
551 1292 678 1332 Marii
708 1293 855 1345 patria.
914 1293 1165 1333 Ciceronum
1184 1292 1284 1331 villa
1311 1297 1398 1332 erat
1426 1292 1470 1331 in
1500 1292 1671 1331 Fibreni
1691 1291 1836 1339 insula,

218 1360 262 1399 h.
295 1360 434 1400 Isola
458 1360 511 1400 di
537 1361 582 1401 S.
610 1361 778 1402 Paolo.
851 1360 1124 1413 Arpinates
1151 1360 1320 1412 gloriari
1345 1360 1536 1400 solebant
1563 1360 1616 1400 de
1644 1359 1727 1399 suis
1754 1373 1842 1399 mu-

218 1427 424 1481 nicipibus
445 1428 497 1467 20
513 1441 579 1480 30,
600 1429 652 1467 22
674 1441 726 1479 24

165 1497 219 1536 A.
237 1496 399 1536 Atilius
423 1496 643 1536 Calatinus
671 1509 755 1536 cos.
776 1510 814 1536 a.
837 1498 932 1547 258,
953 1510 1063 1536 anno
1088 1501 1184 1549 post
1212 1509 1265 1536 ex
1294 1495 1436 1537 Sicilia
1455 1497 1508 1536 de
1528 1495 1679 1536 Poenis
1698 1495 1841 1536 trium-

218 1564 377 1617 phavit,
401 1563 551 1604 iterum
571 1565 714 1604 consul
733 1578 770 1604 a.
796 1575 889 1615 254,
913 1563 964 1603 60
986 1577 1037 1619 29

170 1631 216 1671 C.
250 1631 413 1670 Atilius
441 1631 650 1670 Serranus
677 1643 760 1671 cos.
786 1644 822 1671 a.
852 1629 940 1680 106,
965 1630 1229 1671 stultissimus
1253 1630 1397 1678 homo,
1428 1631 1501 1671 sed
1531 1631 1696 1680 nobilis,
1721 1644 1840 1684 prae-

218 1698 376 1751 positus
395 1698 440 1737 in
458 1699 660 1750 petitione
679 1699 916 1738 consulatus
937 1698 992 1750 Q.
1015 1698 1165 1739 Catulo
1186 1699 1236 1736 12
1253 1711 1304 1750 30

163 1767 314 1815 Atina,
339 1767 596 1819 praefectura
614 1768 659 1808 in
680 1768 847 1808 Sabinis
866 1769 944 1808 sita
964 1767 1015 1809 19
1035 1770 1094 1817 18,
1120 1769 1172 1807 32
1186 1781 1207 1807 2
1215 1783 1251 1821 3,
1275 1769 1329 1810 47
1344 1785 1385 1821 4.
1441 1769 1649 1818 Atinates,
1674 1768 1840 1809 finitimi

218 1833 517 1885 Arpinatibus;
546 1834 710 1887 utrique
732 1848 899 1875 suorum
925 1835 1152 1875 honoribus
1177 1835 1320 1876 laetati
1349 1850 1438 1877 esse
1466 1836 1659 1876 dicuntur
1688 1836 1740 1877 19
1767 1849 1833 1886 21,

218 1901 270 1940 21
291 1903 330 1949 8,
351 1902 403 1939 22
425 1913 478 1941 2ο

164 1970 331 2018 Atreus,
356 1982 382 2008 a
401 1970 503 2010 Iove
523 1975 650 2019 ortus,
673 1971 890 2023 tragoedia
909 1971 959 2011 L.
981 1972 1086 2012 Acci
1106 1972 1158 2013 59
1178 1981 1226 2023 17

169 2038 246 2076 Cn.
266 2037 464 2090 Aufidius
496 2038 651 2078 Orestes
669 2040 944 2086 Aurelianus,
967 2053 1050 2080 cos.
1072 2053 1111 2080 a.
1135 2048 1199 2090 71,
1225 2040 1393 2080 Orestes
1418 2041 1485 2090 (ex
1504 2046 1629 2092 gente
1649 2040 1835 2094 Aurelia)

216 2106 438 2159 adoptatus
456 2119 491 2146 a„
516 2106 596 2147 Cn.
618 2107 790 2148 Aufidio
808 2123 818 2149 :
846 2113 898 2148 tr.
919 2110 977 2163 pl.
1000 2122 1086 2149 non
1106 2115 1168 2150 est
1187 2109 1319 2150 factus
1341 2109 1392 2148 52
1412 2121 1459 2160 14

975 2285 1009 2323 Β

163 2377 347 2417 Balbus:
372 2390 409 2416 v.
432 2390 466 2417 s.
487 2377 671 2429 Ampius

160 2443 390 2493 Bithynia:
414 2443 528 2495 regio
549 2443 677 2483 Asiae
696 2443 868 2483 minoris
887 2443 930 2483 in
949 2457 1022 2484 ora
1041 2444 1166 2484 Ponti
1185 2451 1226 2485 et
1247 2444 1527 2497 Propontidis,
1549 2445 1833 2485 Romanorum

214 2511 449 2565 provincia;
478 2513 575 2552 urbs
595 2513 753 2552 Nicaea
778 2512 831 2551 84
851 2512 900 2552 16

160 2581 358 2627 Bovillae,
405 2580 674 2632 municipium
723 2580 835 2620 Latii
886 2581 941 2620 ad
991 2580 1104 2620 viam
1146 2581 1334 2632 Appiam
1371 2594 1457 2620 non
1493 2581 1640 2633 procul
1678 2594 1703 2620 a
1739 2581 1833 2622 lacu

215 2645 397 2695 Albano,
430 2646 484 2686 ad
512 2647 624 2698 quod
663 2659 803 2700 pugna
838 2646 865 2688 i.
878 2660 915 2687 e.
947 2648 1074 2688 caede
1102 2647 1332 2687 Bovillana
1362 2647 1536 2687 Clodius
1565 2647 1725 2688 occisus
1753 2655 1827 2697 est,

215 2714 268 2752 23

163 2726 412 2822 Bovillanus
430 2781 482 2820 23
498 2794 521 2834 3
