2046 3112
203 105 297 135 220
692 90 843 139 PRO
895 89 1006 139 CN.
1049 88 1384 140 PLANCIO

197 197 478 237 Brundisium
504 197 706 250 oppidum
732 197 949 238 Calabriae
984 197 1208 247 orientalis,
1234 199 1346 240 unde
1372 198 1564 240 traiectus
1584 199 1627 242 in
1648 201 1863 242 Graeciam

251 265 614 317 frequentissimus,
638 266 680 306 h.
706 265 930 306 Brindisi
950 265 1001 306 96
1020 278 1082 315 21,
1107 267 1159 308 97
1177 265 1229 307 26

199 333 366 372 Brutus
378 345 392 373 .·
420 347 468 373 ν.
481 347 512 374 s.
538 334 694 374 Iunius

1012 460 1047 500 C

205 537 372 577 Caecilii
388 538 551 578 lllctelli
561 551 576 578 .·
604 551 745 578 eorum
765 544 943 579 stemma
961 539 1013 580 89
1034 553 1076 592 p.
1103 540 1193 591 187,
1213 540 1411 594 triumphi
1430 542 1482 583 89
1498 555 1548 593 24

205 607 253 656 Q.
289 606 489 645 Caecilius
515 607 707 646 Metellus
734 607 784 646 L.
802 607 847 660 f
879 607 1143 654 Numidicus,
1173 621 1257 649 cos.
1292 623 1330 650 a.
1378 623 1466 665 109,
1495 624 1572 662 pro
1601 623 1684 652 COS.
1719 625 1756 651 a.
1795 614 1869 651 108

256 686 351 712 cum
390 674 589 725 Iugurtha
617 675 826 727 praeclare
862 675 1076 727 pugnavit.
1149 677 1367 729 expulsum
1392 678 1558 718 civitate
1586 693 1612 718 a
1645 679 1693 719 L.
1729 679 1868 719 Satur-

257 739 357 779 nino
386 744 434 780 tr.
468 740 527 792 pl.
556 740 610 789 (a.
644 738 749 792 100),
777 742 890 794 quod
909 742 1021 782 solus
1039 743 1084 782 in
1101 741 1214 795 leges
1233 743 1320 783 eius
1338 743 1471 783 iurare
1490 744 1688 794 noluerat,
1712 746 1869 797 pietate

264 821 334 848 sua
356 809 600 848 auctoritate
619 815 784 849 senatus
802 823 1005 850 consensu
1024 812 1169 864 populi
1190 812 1370 852 Romani
1390 813 1567 853 restituit
1586 820 1747 866 patrem

208 879 256 928 Q.
276 878 479 924 Metellus,
497 879 568 931 qui
587 879 683 919 inde
703 892 933 932 cognomen
948 879 1022 920 Pii
1037 887 1279 922 consecutus
1298 887 1371 931 est,
1391 896 1429 922 a.
1446 895 1522 938 99;
1542 883 1728 966 pontifex
1746 896 1870 931 max.,

265 951 451 984 mortuus
471 950 532 984 est
553 959 589 984 a.
613 945 679 997 63.
739 947 793 985 ab
813 959 863 986 eo
882 947 1102 999 adoptatus
1122 954 1183 988 est

209 1012 256 1062 Q.
295 1012 494 1052 Caeczlius
520 1013 714 1052 Metellus
741 1013 845 1053 qus
861 1014 1007 1066 Scipio,
1040 1015 1112 1068 qui
1139 1015 1271 1056 fuerat
1292 1017 1338 1056 P.
1370 1016 1495 1058 Corn.
1532 1017 1675 1070 Scipio
1704 1017 1873 1066 Nasica,

259 1078 366 1118 filius
387 1080 431 1119 P.
459 1080 583 1120 Corn.
610 1081 815 1133 Scipionis
835 1082 1014 1122 Nasicae
1033 1096 1094 1135 pr.
1117 1097 1154 1123 a.
1176 1098 1230 1138 94
1254 1090 1295 1124 et
1317 1084 1514 1132 Liciniae,
1543 1085 1680 1124 Crassi
1704 1085 1876 1124 oratoris

259 1147 380 1197 filiae,
413 1161 496 1188 cos.
527 1163 564 1189 a.
595 1160 643 1200 52
674 1162 769 1189 cum
799 1150 1001 1203 Pompeio
1027 1151 1099 1204 qui
1126 1151 1363 1191 Corneliam
1389 1151 1518 1191 filiam
1548 1152 1634 1192 eius
1664 1152 1793 1200 duxit,
1817 1152 1878 1190 in-

260 1217 444 1257 tercessit
463 1230 539 1269 pro
560 1217 725 1257 Calidio
744 1224 960 1270 praeturae
979 1218 1202 1259 candidato
1222 1218 1273 1259 69
1292 1231 1344 1270 30

211 1285 259 1334 Q.
298 1284 498 1324 Caecilius
529 1286 719 1325 Metellus
748 1287 799 1326 L.
823 1287 868 1339 f.
906 1287 1099 1336 Creticus,
1139 1300 1222 1327 cos.
1260 1300 1296 1327 a.
1342 1285 1408 1342 69.
1450 1300 1487 1326 a.
1522 1284 1683 1328 68—66
1712 1287 1879 1327 Cretam

261 1351 435 1392 subiecit
446 1366 458 1401 ;
487 1352 563 1391 sub
583 1365 633 1392 eo
654 1352 731 1392 Cn.
759 1353 951 1393 Plancius
969 1353 1089 1393 miles
1108 1352 1185 1393 fuit
1203 1353 1248 1392 in
1267 1353 1395 1393 Creta
1415 1353 1466 1393 27
1481 1355 1543 1402 28,
1571 1353 1622 1392 61
1640 1367 1689 1405 14

213 1419 343 1459 Gaius
365 1418 530 1459 Caelius
552 1420 719 1466 Caldus,
739 1425 790 1460 tr.
811 1420 869 1472 pl.
893 1434 930 1461 a.
960 1432 1033 1472 107
1054 1421 1190 1473 legem
1217 1420 1477 1460 tabellariam
1502 1421 1610 1468 tulit,
1639 1434 1720 1461 cOS.
1747 1434 1785 1460 a.
1809 1433 1876 1474 94,

262 1487 502 1527 adulescens
523 1487 772 1527 clarissimus
792 1488 928 1527 Mario
948 1488 1125 1537 deditus,
1147 1502 1184 1529 a.
1210 1489 1260 1529 C.
1287 1489 1488 1541 Pompeio
1513 1495 1727 1542 superatus
1748 1502 1788 1528 a.
1810 1490 1873 1541 83.

264 1555 341 1595 sub
361 1555 473 1595 idern
491 1561 655 1608 tempus
675 1556 832 1596 occisus
852 1562 926 1606 est,
947 1556 997 1595 52
1023 1570 1070 1597 12

215 1623 403 1663 Caesares
414 1635 428 1663 .·
456 1636 496 1663 v.
520 1636 550 1663 5.
572 1623 683 1662 Iulii
705 1623 894 1663 Caesares

215 1693 263 1742 Q.
292 1691 489 1741 Cali',dzus
523 1699 640 1745 pater
668 1693 840 1733 oratoris
869 1694 930 1733 M.
962 1693 1116 1733 Calidii
1138 1691 1272 1745 (Brut.
1292 1706 1328 1735 c.
1356 1704 1406 1746 70
1429 1700 1470 1735 et
1496 1691 1579 1746 80),
1600 1699 1651 1734 tr.
1671 1693 1730 1746 pl.
1750 1707 1788 1734 a.
1810 1705 1873 1747 99,

266 1762 352 1803 eius
371 1762 462 1815 lege
484 1762 538 1813 Q.
561 1763 787 1803 Metellus
776 1776 819 1802 m
839 1763 1048 1804 civitatem
1067 1764 1280 1804 restitutus
1299 1770 1373 1814 est,
1399 1763 1450 1805 69
1473 1778 1493 1804 2
1500 1774 1522 1815 5

211 1830 265 1870 L.
303 1829 563 1881 Calpurnius
593 1829 691 1869 Piso
726 1829 989 1877 Caesoninus,
1029 1842 1112 1869 cos.
1142 1843 1181 1871 a.
1222 1831 1272 1881 58
1303 1844 1398 1870 cum
1425 1830 1480 1870 A.
1512 1829 1708 1877 Gabinio,
1737 1830 1782 1870 in
1810 1843 1881 1870 eos

266 1896 472 1936 invehitur
493 1897 638 1937 Cicero
658 1896 710 1937 86
734 1910 807 1946 Ῑῐ;
837 1898 924 1937 eius
942 1897 1072 1937 filiam
1092 1897 1364 1950 Calpurniam
1387 1897 1540 1939 Caesar
1557 1911 1729 1938 uxorem
1749 1897 1879 1938 duxit.

218 1966 404 2014 Casinas,
429 1965 625 2005 oriundus
644 1978 670 2004 a
692 1966 852 2014 Casino,
884 1966 1041 2018 oppido
1064 1965 1313 2005 Volscorum
1338 1965 1383 2004 in
1411 1965 1547 2014 Latio,
1579 1964 1624 2004 h.
1654 1964 1878 2014 Cassino,

269 2036 320 2073 22
344 2045 392 2085 25

220 2104 353 2144 Gaius
376 2103 540 2143 Cassius
558 2103 786 2155 Longinus,
811 2103 998 2143 tribunus
1019 2101 1076 2155 pl.
1098 2114 1183 2141 non
1202 2100 1335 2141 faetus
1355 2105 1430 2150 est,
1454 2113 1541 2140 cos.
1561 2113 1598 2140 a.
1619 2098 1685 2153 96,
1709 2100 1763 2139 52
1781 2114 1831 2151 14

216 2171 370 2211 Lucius
413 2170 576 2211 Cassius
601 2171 833 2222 Longznus,
861 2169 986 2209 frater
1015 2169 1095 2210 Gai
1126 2167 1274 2217 Cassii,
1311 2168 1383 2221 qui
1418 2168 1637 2208 Caesarem
1663 2167 1878 2214 interfecit,

271 2239 522 2292 subscriptor
549 2238 784 2279 Laterensis
811 2239 855 2278 in
882 2251 1005 2279 causa
1034 2238 1270 2287 Planciana,
1294 2237 1505 2278 familiaris
1525 2236 1736 2277 Ciceronis
1747 2235 1802 2275 58
1817 2237 1883 2284 28,

272 2306 324 2346 68
349 2321 383 2354 1,
405 2307 456 2347 69
480 2320 540 2357 14,
566 2307 616 2348 71
642 2318 688 2356 15

223 2374 322 2414 Cato
335 2390 348 2415 .·
372 2387 410 2414 v.
424 2387 457 2414 5.
478 2375 649 2414 Porcius

224 2443 420 2483 Catulus:
446 2455 485 2482 v.
505 2455 539 2482 s.
559 2443 756 2482 Lutatius

224 2510 357 2549 Cicero
369 2520 383 2549 .·
410 2523 448 2548 ν.
462 2522 495 2549 5.
523 2509 685 2549 Tullius

219 2577 286 2616 M.
305 2577 476 2628 Cispius,
492 2581 543 2616 tr.
559 2577 616 2629 pl.
631 2590 668 2617 a.
687 2586 751 2628 57,
771 2576 824 2616 de
836 2576 993 2617 ambitu
1005 2581 1230 2626 accusatus,
1248 2589 1273 2616 a
1293 2576 1494 2617 Cicerone
1509 2575 1643 2616 amico
1657 2575 1804 2616 frustra
1815 2576 1886 2616 de-

274 2644 420 2693 fensus,
443 2657 469 2683 a
486 2643 689 2684 iudicibus
709 2644 1005 2684 condemnatus
1024 2650 1086 2684 est
1106 2645 1131 2686 7
1134 2644 1158 2683 5
1179 2645 1216 2694 8,
1246 2644 1488 2696 Cispianum
1508 2643 1706 2683 iudicium
1725 2642 1778 2684 76
1797 2655 1850 2683 20

220 2711 382 2765 Appius
413 2711 613 2753 Claudius
639 2712 819 2752 Pulcher
837 2712 1014 2765 (minor),
1047 2725 1098 2753 ex
1126 2712 1310 2753 Caecilia
1337 2712 1512 2752 Metella
1538 2717 1656 2764 pater
1675 2711 1722 2751 P.
1745 2710 1886 2752 Clodii

276 2784 327 2819 tr.
347 2777 407 2832 pl.
428 2792 464 2819 a.
490 2780 556 2832 58,
578 2779 860 2821 nobilissimus
886 2779 1027 2830 homo,
1051 2780 1146 2820 vivo
1173 2785 1290 2834 patre
1308 2792 1383 2820 suo
1403 2779 1450 2821 C.
1477 2778 1665 2828 Claudio,
1689 2779 1887 2832 potentis-
