2046 3112
237 110 302 154 40
667 94 744 143 M.
795 94 1020 143 TVLLI
1062 70 1286 144 esem
1294 95 1471 144 ONJS
1664 92 1805 160 [XLI
1832 108 1893 158 97

241 200 292 248 in
316 198 430 249 navi
453 207 558 249 tuta
586 217 643 250 ac
675 199 809 250 fideli
833 201 1120 250 conlocatus
1145 216 1412 262 eorumque
1434 214 1603 262 preces
1628 207 1677 248 et
1699 207 1814 247 vota
1837 198 1901 247 de

245 297 359 329 meo
394 281 553 330 reditu
589 280 854 330 exaudiens
891 279 1227 343 Dyrrachium,
1266 280 1400 342 quod
1434 288 1533 328 erat
1567 279 1618 327 in
1648 280 1746 327 fide
1774 295 1898 335 mea,

160 360 224 412 98
247 369 413 423 petere
458 361 706 410 contendi.
801 377 902 423 quo
943 377 1054 409 cum
1094 360 1351 418 venissem,
1400 359 1622 422 cognovi,
1668 359 1721 408 id
1768 359 1904 421 quod

247 439 512 500 audieram,
539 442 765 489 refertam
800 456 908 489 esse
944 439 1200 489 Graeciam
1238 438 1717 488 sceleratissimorum
1751 437 1906 487 homi-

244 535 364 567 num
396 536 454 567 ac
485 519 791 578 nefariorum,
820 535 1028 581 quorum
1061 518 1267 581 impium
1298 520 1477 567 sermm
1509 518 1742 582 ignesque
1766 518 1908 581 pesti·
1948 539 1966 568 s

242 600 370 648 feros
405 616 544 647 meus
579 599 661 648 ille
697 600 980 647 consulatus
1017 615 1043 647 e
1079 599 1306 647 manibus
1342 608 1631 647 extorserat:
1673 598 1757 661 qui
1791 608 1905 647 ante

244 696 391 742 quam
417 681 479 728 de
515 696 627 728 meo
663 682 879 728 adventu
911 679 1077 728 audire
1108 679 1396 741 potuissent,
1423 695 1535 727 cum
1571 689 1737 727 tamen
1769 680 1905 728 abes-

244 767 353 807 sent
383 757 571 821 aliquot
603 758 791 807 dierum
814 757 959 817 viam,
986 757 1037 805 in
1073 759 1423 806 Macedoniam
1457 759 1522 806 ad
1553 758 1906 820 Planciumque

191 891 193 893 ,
243 839 445 901 perrexi.
514 839 596 887 hic
619 856 734 888 vero
759 839 903 887 simul
926 848 1075 902 atque
1098 856 1232 888 mare
1255 856 1335 888 me
1359 840 1585 888 transisse
1610 841 1906 902 cognovit—

244 918 373 980 audi‚
422 920 537 969 audi
583 930 731 983 atque
771 922 985 980 attende,
1030 922 1321 982 Laterensis,
1375 931 1430 970 ut
1477 922 1599 971 scias
1646 922 1767 985 quid
1811 939 1904 986 ego
1921 941 1961 961 10

245 1000 449 1048 Plancio
490 1001 699 1049 debeam
738 1003 1102 1064 confiteareque
1137 1002 1403 1064 aliquando
1437 1019 1518 1052 me
1559 1004 1693 1066 quod
1730 1003 1906 1051 faciam

245 1088 295 1127 ct
331 1088 464 1141 grate
502 1089 550 1128 et
587 1080 667 1142 pie
705 1082 884 1130 facere:
935 1081 1050 1129 huic
1091 1090 1269 1140 autem,
1313 1099 1440 1144 quae
1477 1099 1566 1145 pro
1603 1085 1758 1131 salute
1795 1099 1908 1131 mea

244 1160 413 1209 fecerit
438 1160 477 1208 si
502 1161 663 1210 minus
687 1163 939 1224 profutura
963 1161 1073 1222 sint,
1101 1163 1275 1211 obesse
1300 1173 1429 1212 certe
1461 1180 1563 1212 non
1590 1174 1907 1226 oportere—z

245 1255 363 1287 nam
396 1240 541 1288 simul
575 1257 633 1289 ac
664 1258 746 1290 me
788 1242 1112 1305 Dyrrachium
1147 1241 1364 1304 attigisse
1399 1243 1599 1303 audivit,
1644 1244 1807 1292 statim
1843 1244 1907 1291 ad

249 1335 329 1367 me
352 1318 602 1370 lictoribus
630 1321 856 1382 dimissis,
882 1322 1154 1385 insignibus
1184 1322 1404 1384 abiectis,
1427 1333 1561 1372 veste
1593 1334 1778 1372 mutata
1802 1340 1908 1386 pro·
1930 1340 1968 1369 15

164 1395 226 1443 99
250 1401 406 1448 fectus
441 1410 525 1449 est.
613 1418 644 1451 o
681 1404 907 1451 acerbam
942 1403 1075 1463 mihi,
1113 1403 1313 1463 iudices,
1349 1405 1637 1453 memoriam
1672 1404 1909 1467 temporis

249 1479 377 1528 illius
413 1490 461 1529 et
500 1481 612 1541 loci,
652 1499 764 1530 cum
807 1482 888 1531 hic
927 1483 978 1531 in
1018 1499 1098 1532 me
1135 1483 1322 1542 incidit,
1361 1501 1474 1532 cum
1510 1486 1794 1547 complexus
1837 1494 1913 1533 est*

249 1562 618 1624 conspersitque
671 1562 883 1611 lacrimis
938 1580 1032 1612 nec
1079 1564 1216 1626 loqui
1256 1581 1372 1626 prae
1430 1581 1650 1613 maerore
1719 1563 1908 1627 potuit!

248 1658 279 1691 ο
350 1660 453 1693 rem
511 1659 626 1690 cum
677 1643 846 1691 auditu
899 1644 1150 1692 crudelem
1199 1653 1306 1692 tum
1358 1645 1465 1692 visu
1533 1645 1798 1694 nefariam!
1876 1662 1907 1694 o

247 1724 460 1787 reliquos
496 1723 656 1772 omnis
695 1723 800 1772 dies
838 1724 1098 1786 noctisque
1139 1740 1237 1779 eas,
1278 1724 1453 1785 quibus
1495 1725 1587 1773 iste
1624 1742 1653 1774 a
1692 1742 1773 1774 me
1805 1742 1904 1775 non
1927 1750 1969 1772 20

248 1806 483 1853 recedens
518 1802 923 1852 Thessalonicam
963 1820 1044 1852 me
1085 1803 1136 1851 in
1177 1803 1609 1866 quaestoriumque
1648 1804 1906 1867 perduxit!

248 1884 330 1932 hic
355 1901 446 1947 ego
481 1900 615 1931 nunc
649 1885 711 1932 de
746 1893 967 1946 praetore
994 1883 1321 1932 Macedoniae
1353 1884 1474 1932 nihil
1505 1884 1665 1933 dicam
1700 1884 1910 1947 amplius

250 1963 343 2011 nisi
389 1979 502 2012 eum
547 1972 604 2018 set
655 1963 815 2012 civem
869 1963 1112 2026 optimum
1169 1980 1362 2026 semper
1417 1973 1478 2014 et
1520 1965 1641 2012 mihi
1696 1966 1909 2014 amicum

249 2044 411 2104 fuisse,
455 2045 543 2093 sed
590 2044 763 2093 eadem
811 2043 1030 2094 timuisse
1077 2061 1204 2107 quae
1250 2054 1466 2095 ceteros:
1515 2047 1605 2095 Cn.
1653 2046 1909 2093 Plancium

249 2125 396 2174 fuisse
443 2141 611 2183 unum,
655 2140 759 2173 non
807 2125 891 2187 qui
937 2124 1101 2174 minus
1147 2125 1354 2185 timeret,
1397 2127 1498 2186 sed,
1536 2126 1577 2174 si
1629 2126 1908 2175 acciderent
1928 2150 1968 2180 ²5

250 2222 322 2265 ea,
360 2221 486 2268 quae
522 2205 820 2264 timerentur,
858 2221 1055 2254 mecum
1102 2222 1160 2254 ea
1208 2205 1369 2254 subire
1417 2215 1465 2255 et
1511 2207 1700 2269 perpeti
1746 2208 1903 2255 vellet.

132 2285 226 2334 100
251 2287 349 2351 qui,
388 2305 502 2336 cum
537 2288 600 2335 ad
636 2303 717 2336 me
758 2289 813 2336 L.
851 2288 1065 2347 Tubero,
1104 2302 1242 2335 meus
1288 2287 1606 2346 necessarius,
1649 2285 1732 2349 qui
1777 2287 1910 2335 fratri

249 2385 363 2417 meo
408 2370 596 2431 legatus
641 2367 824 2428 fuisset,
874 2369 1122 2417 decedens
1180 2384 1240 2416 ex
1287 2367 1407 2416 Asia
1458 2367 1671 2416 venisset
1727 2383 1910 2429 easque

249 2448 463 2509 insidias,
500 2465 623 2512 quas
663 2448 784 2496 mihi
821 2457 1013 2511 paratas
1060 2449 1123 2499 ab
1175 2448 1419 2497 exsulibus
1465 2447 1728 2496 coniuratis
1774 2448 1911 2497 audi-

249 2539 363 2591 erat,
397 2531 462 2579 ad
494 2546 574 2578 me
606 2527 773 2578 animo
812 2528 1109 2578 amicissimo
1143 2528 1410 2589 detulisset,
1435 2528 1486 2576 in
1522 2527 1693 2576 Asiam
1725 2545 1806 2577 me
1839 2528 1908 2579 ire
1928 2556 1969 2586 30

248 2619 447 2673 propter
483 2609 585 2659 eius
622 2608 903 2672 provinciae
940 2625 1136 2658 mecum
1174 2617 1222 2657 et
1262 2626 1375 2657 cum
1410 2625 1522 2657 meo
1556 2610 1698 2657 fratre
1740 2625 1909 2659 neces-

250 2688 514 2738 situdinem
561 2696 931 2751 comparantem
965 2704 1067 2737 non
1103 2697 1177 2736 est
1218 2704 1419 2751 passus:
1466 2685 1514 2735 vi
1559 2702 1652 2745 me,
1691 2686 1906 2749 inquam,

251 2768 475 2818 Plancius
501 2777 548 2818 et
573 2769 833 2832 complexu
857 2784 946 2818 suo
971 2767 1169 2817 retinuit
1192 2769 1472 2831 multosque
1497 2767 1677 2817 mensis
1697 2785 1726 2817 a
1749 2769 1910 2832 capite
