2046 3112
171 86 330 154 5104]
423 68 429 76 ⁵
885 86 1140 137 NOTES
1742 101 1835 149 203

250 198 280 236 1.
307 200 370 235 17.
425 198 526 236 letis
544 197 704 236 vestrls
721 197 915 235 lucrinus
934 198 987 235 de
1006 198 1098 235 mis
1116 196 1330 243 recordor,
1356 204 1467 241 quas
1486 193 1590 243 cen]
1625 194 1698 246 ‘by
1719 193 1836 234 those

171 254 278 289 tears
303 249 351 289 of
375 263 498 302 yours
529 250 548 289 I
579 263 644 289 am
674 249 885 289 reminded
913 250 967 298 of,
1001 250 1022 288 I
1049 249 1169 289 think
1189 261 1314 301 upon,
1339 248 1409 288 the
1429 247 1567 287 others
1586 247 1722 287 which
1741 246 1835 287 etc.'

173 303 238 342 Cf.
255 315 314 342 or.
336 317 378 355 p.
402 303 505 344 Sest.
534 305 555 351 ἕ
582 317 598 343 1
620 303 667 343 de
684 304 814 343 unius
831 303 1026 355 cuiusque
1049 316 1145 342 casu
1171 303 1378 354 cogitando
1406 302 1607 341 recorda
1617 301 1673 349 ri,
1705 315 1762 341 or.
1789 315 1829 353 p.

170 356 307 408 Ligar.
329 358 351 404 ἓ
372 367 421 407 35
441 363 479 397 te
496 357 666 410 aliquid
678 358 724 396 de
742 358 867 396 huius
886 357 955 397 illo
972 357 1196 409 quaestorio
1220 356 1342 408 cgfficio
1371 355 1642 404 recordari,
1670 355 1722 395 de
1748 356 1831 394 inv.

170 420 186 449 1
214 412 235 458 ἓ
273 413 347 450 108
366 412 549 462 petimus
580 417 630 451 ut
655 412 702 451 de
731 411 821 450 suis
853 411 987 450 liberis
1015 416 1094 450 aut
1115 410 1364 462 parentibus
1395 415 1472 449 aut
1499 409 1636 462 aliquo
1666 409 1742 462 qui
1770 410 1836 449 illi

166 465 299 503 debeat
315 478 439 504 carus
456 479 544 515 esse,
570 479 642 505 nos
659 478 751 504 cum
771 466 950 514 videant,
975 465 1309 504 recordentur.

246 563 273 600 1.
298 566 361 601 18.
418 572 548 610 saepe
568 566 614 603 et
631 562 838 612 multum]
867 566 1012 615 ‘many
1031 576 1054 601 a
1074 562 1173 602 time
1192 562 1274 602 and
1294 560 1372 602 oft'
1391 566 1476 609 not,
1497 574 1542 600 as
1562 561 1684 612 Long
1702 565 1832 601 trans-

167 615 269 654 lates
288 615 332 664 it,
363 616 495 656 ‘often
515 617 597 656 and
618 614 860 668 copiously.'
916 616 980 656 Cf.
1009 617 1061 656 de
1093 617 1198 668 legg.
1235 624 1291 655 111
1323 617 1344 664 ἓ
1376 628 1425 667 33
1453 615 1500 654 in
1525 629 1568 655 re
1594 615 1758 668 dffcz'li
1784 629 1833 654 ac

167 670 380 709 multum
399 676 441 709 et
458 676 593 721 saepe
609 672 804 722 quaesita,
829 670 881 710 de
900 670 984 710 inv.
1007 680 1022 709 1
1044 671 1065 718 ξ
1090 682 1104 708 1
1138 676 1274 722 saepe
1291 675 1334 709 et
1350 670 1561 709 multum
1583 669 1655 708 hoc
1680 682 1831 708 mecum

164 723 347 772 cogitavi,
371 737 427 763 or.
453 737 494 776 p.
520 724 686 775 Quinct.
708 726 730 773 ἓ
751 737 772 776 3
793 724 839 763 in
858 724 935 763 lzac
951 738 1073 763 causa
1100 725 1318 763 multum
1342 729 1387 763 et
1403 729 1544 775 saepe
1561 729 1752 771 versatus,
1778 724 1830 763 de

164 776 234 814 off.
257 787 292 816 11
314 779 335 825 ἓ
357 791 408 818 20
427 778 454 817 l.
478 791 545 828 24.
596 778 659 818 Cf.
679 778 749 818 the
768 778 936 831 phrases
958 779 1136 818 mullum
1155 784 1192 818 et
1210 779 1296 825 diu,
1313 778 1387 818 diu
1407 778 1676 831 multumque,
1693 777 1829 818 which

164 842 232 870 are
251 844 347 883 very
369 844 560 872 common
581 833 623 871 in
645 832 732 873 Cic.

758 1613 857 1647 END
885 1617 944 1648 OF
972 1617 1069 1648 THE
1097 1617 1247 1650 NOTES
