2046 3112
104 158 250 207 XXX
278 153 360 223 72]
428 157 579 207 PRO
631 157 740 205 CN.
778 156 1111 206 PLANCIO
1163 155 1444 205 ORATIO
1709 170 1769 216 ²9

107 265 286 317 Calidii
333 274 490 329 putes,
539 266 678 331 quod
725 281 816 329 ego
863 264 914 313 in
954 263 1139 313 Plancii
1187 263 1327 323 facio,
1377 272 1461 312 aut
1511 264 1770 312 Metellum

109 348 263 408 Pium,
291 347 330 396 si
360 349 554 396 Romae
587 365 692 396 esse
725 348 980 410 potuisset,
1007 358 1089 396 aut
1121 357 1311 409 patrem
1345 346 1463 405 eius,
1491 345 1530 393 si
1557 344 1769 404 vixisset,

106 446 207 479 non
232 429 379 478 fuisse
398 431 652 477 facturum.
719 445 835 476 nam
866 428 1053 491 Opimii
1078 428 1280 490 quidem
1306 426 1557 475 calamitas
1583 426 1771 474 utinam

106 527 165 559 ex
197 509 454 559 hominum
487 508 726 558 memoria
757 518 924 571 posset
949 508 1119 557 evelli!
1189 509 1364 556 volnus
1393 507 1516 555 illud
1550 506 1618 554 rei
1653 507 1773 568 pub-

65 611 83 642 ε
106 591 244 651 licae,
292 591 509 640 dedecus
557 590 700 639 huius
751 590 958 653 imperii,
1014 589 1265 653 turpitudo
1312 588 1481 652 populi
1537 588 1769 646 Romani,

107 688 208 721 non
244 670 477 720 iudicium
514 671 790 735 putandum
833 679 918 718 est.
1008 687 1156 733 quam
1196 669 1328 717 enim
1375 669 1445 717 illi
1490 669 1691 728 iudices,
1733 668 1772 716 si

106 752 293 803 iudices
319 761 368 800 et
392 768 495 800 non
520 751 790 815 parricidae
815 750 1000 814 patriae
1026 749 1318 799 nominandi
1350 759 1475 809 sunt,
1502 749 1773 813 graviorem

106 842 371 898 potuerunt
396 832 464 881 rei
497 831 725 896 publicae
761 832 978 895 infligere
1011 831 1236 891 securim,
1263 847 1412 894 quam
1444 848 1558 879 cum
1583 830 1720 878 illum
1746 847 1773 878 e

107 915 303 965 civitate
345 915 608 976 eiecerunt,
653 914 737 977 qui
777 920 973 977 praetor
1012 914 1235 974 finitimo,
1281 916 1453 963 consul
1500 914 1775 964 domestico

49 1021 86 1042 ιο
108 997 238 1045 bello
262 1013 366 1044 rem
391 995 642 1059 publicam
675 995 937 1044 liberarat?
1005 1004 1055 1043 at
1081 1012 1173 1058 ego
1199 994 1342 1043 nimis
1368 1012 1601 1058 magnum
1627 996 1774 1044 bene·
1798 997 1859 1043 'Il

109 1078 275 1127 ficium
318 1077 505 1127 Plancii
545 1077 673 1126 facio
715 1087 778 1136 et,
815 1086 870 1125 ut
908 1076 992 1137 ais,
1036 1075 1087 1124 id
1123 1077 1285 1126 verbis
1323 1093 1591 1140 exaggero:
1634 1077 1775 1140 quasi

107 1178 224 1209 vero
263 1176 344 1208 me
382 1169 469 1208 tuo
509 1158 740 1207 arbitratu
780 1169 828 1207 et
866 1175 968 1206 non
1004 1175 1117 1206 meo
1155 1168 1346 1221 gratum
1388 1176 1494 1207 esse
1534 1168 1771 1222 oporteat.

111 1241 268 1304 ‘quod
301 1239 439 1288 istius
475 1248 668 1288 tantum
705 1238 988 1286 meritum?'
1036 1239 1194 1300 inquit
1234 1244 1317 1286 ‘an
1349 1239 1464 1301 quia
1492 1248 1541 1287 te
1573 1255 1676 1287 non
1707 1237 1777 1286 iu-

108 1320 349 1386 gulavit?'
418 1318 573 1368 immo
605 1337 736 1379 vero,
779 1319 893 1382 quia
928 1320 1135 1382 iugulari
1171 1337 1342 1383 passus
1379 1338 1482 1369 non
1516 1330 1600 1370 est.
1675 1338 1776 1384 quo

36 1422 88 1454 *1⁵
110 1403 311 1466 quidem
330 1411 384 1450 tu
402 1403 530 1461 loco,
554 1401 707 1460 Cassi,
729 1400 876 1449 etiam
892 1400 1108 1463 purgasti
1133 1399 1359 1449 inimicos
1377 1418 1516 1449 meos
1536 1418 1777 1464 meaeque

108 1485 236 1532 vitae
261 1484 420 1531 nullas
445 1483 509 1530 ab
533 1481 626 1530 illis
659 1481 862 1529 insidias
895 1480 1042 1528 fuisse
1072 1479 1246 1530 dixisti.
1319 1481 1485 1544 posuit
1513 1482 1610 1529 hoc
1642 1481 1776 1531 idem

110 1564 402 1614 Laterensis.
475 1580 623 1626 quam
649 1563 714 1612 ob
738 1579 842 1610 rem
867 1563 1035 1625 paullo
1059 1571 1171 1624 post
1204 1564 1267 1611 de
1299 1562 1394 1611 isto
1418 1565 1559 1626 plura
1583 1562 1744 1612 dicam
1765 1583 1776 1612 ε

108 1649 172 1697 de
208 1652 259 1695 te'
292 1655 486 1694 tantum
522 1643 731 1707 requiro,
757 1655 920 1692 utrum
955 1653 1098 1707 putes
1132 1644 1302 1692 odium
1337 1644 1389 1706 in
1421 1661 1502 1693 me
1527 1645 1778 1695 mediocre

109 1728 419 1779 inimicorum
455 1727 808 1789 fuisse—quod
832 1726 921 1775 fuit
944 1728 1154 1775 ullorum
1187 1743 1424 1790 umquam
1460 1727 1775 1777 barbarorum

50 1838 92 1860 20
111 1820 212 1860 tam
241 1812 457 1859 immane
486 1826 545 1857 ac
575 1818 675 1856 tam
711 1809 910 1856 crudele
950 1807 1002 1855 in
1036 1809 1231 1856 hostem
1246 1810 1401 1856 ?—an
1433 1809 1581 1857 fuisse
1617 1810 1668 1858 in
1710 1811 1780 1859 eis

108 1892 324 1956 aliquem
360 1900 444 1939 aut
479 1892 640 1938 famae
668 1898 855 1938 metum
885 1898 968 1938 aut
1003 1906 1210 1952 poenae,
1238 1906 1445 1953 quorum
1478 1891 1642 1940 vidisti
1671 1901 1778 1941 toto

109 1972 194 2020 illo
220 1986 353 2019 anno
377 1971 559 2018 ferrum
592 1969 644 2018 in
672 1971 794 2030 foro,
821 1971 1073 2018 flammam
1109 1971 1159 2019 in
1195 1971 1423 2031 delubris,
1451 1973 1552 2021 vim
1588 1973 1638 2021 in
1675 1984 1779 2023 tota

109 2055 230 2102 urbe
264 2051 478 2100 versari?
545 2050 639 2100 nisi
674 2052 800 2100 forte
843 2052 1091 2101 existimas
1129 2069 1216 2102 eos
1253 2053 1438 2103 idcirco
1473 2054 1602 2104 vitae
1639 2072 1779 2104 meae

110 2133 404 2198 pepercisse,
438 2133 574 2195 quod
612 2134 676 2181 de
707 2132 869 2182 reditu
910 2150 1024 2183 meo
1057 2134 1454 2186 nihil'timerent.
1526 2146 1781 2206 Quem-

50 2242 90 2272 25
111 2231 259 2279 quam
284 2224 428 2277 putas
453 2213 600 2262 fuisse
626 2223 727 2262 tam
752 2215 1029 2274 excordem,
1058 2215 1140 2278 qui
1159 2215 1278 2265 vivis
1303 2217 1379 2265 his
1404 2207 1707 2267 stante-urbe
1731 2230 1780 2267 et

111 2295 243 2345 curia
264 2295 533 2344 rediturum
566 2311 660 2354 me,
688 2294 729 2343 si
750 2295 979 2356 viverem,
1008 2313 1110 2345 non
1143 2301 1374 2359 putaret?
1410 2316 1560 2361 quam
1585 2301 1651 2348 ob
1674 2317 1778 2348 rem

110 2395 211 2428 non
237 2378 389 2426 debes
421 2375 463 2425 is
491 2378 645 2426 homo
670 2385 717 2425 et
742 2376 782 2425 is
807 2376 925 2425 civis
958 2378 1239 2441 praedicare
1261 2378 1413 2428 vitam
1446 2397 1623 2439 meam,
1652 2397 1779 2444 quae

36 2495 40 2499 ›
109 2459 345 2510 fidelitate
371 2457 643 2507 amicorum
668 2468 957 2507 conservata
989 2458 1064 2519 sit,
1091 2458 1402 2509 inimicorum
1427 2461 1653 2510 molestia
1676 2479 1778 2512 non

111 2558 217 2592 esse
241 2540 526 2604 appetitam.

41 2650 92 2684 -30
210 2623 362 2671 XXX
419 2621 760 2684 Respondebo
786 2620 874 2670 tibi
897 2638 1044 2680 nune,
1067 2622 1360 2682 LaterensiS‚
1387 2623 1548 2673 minus
1574 2627 1779 2676 fortasse
1802 2631 1866 2678 72

109 2705 437 2762 vehementer,
463 2717 614 2764 quam
638 2701 727 2750 abs
759 2710 809 2750 te
840 2718 950 2751 sum
980 2714 1290 2765 provocatus,
1317 2706 1407 2754 sed
1437 2707 1660 2768 profecto
1685 2723 1780 2757 nec

109 2785 417 2835 considerate
454 2782 618 2832 minus
659 2799 752 2832 nec
797 2781 959 2831 minus
1005 2782 1176 2833 amice.
1266 2802 1383 2834 nam
1429 2785 1640 2849 primum
1687 2788 1778 2837 fuit

108 2866 231 2917 illud
260 2863 491 2931 asperiuS,
517 2880 599 2914 me
631 2880 757 2928 quae
787 2865 852 2914 de
881 2863 1085 2915 Plancio
1117 2864 1334 2916 dicerem
1366 2865 1560 2923 mentiri
1584 2877 1633 2918 et
1658 2878 1778 2918 tem-
