2046 3112
802 126 1059 174 INDEX
1098 126 1139 174 J
1694 139 1786 186 227

115 229 297 279 Rhodus,
333 230 466 271 insula
489 230 612 271 maris
646 230 795 272 interni
825 245 848 272 e
886 231 1054 284 regione
1080 231 1233 286 Lyciae
1263 238 1304 272 et
1333 231 1495 281 Cariae,
1526 232 1790 273 celeberrima

168 289 314 339 studiis
334 299 594 353 eloquentiae
615 299 665 340 84
692 315 737 351 14

114 367 164 409 P.
201 368 389 407 Rutilius
410 369 550 417 Rufus
579 369 649 420 Sp.
669 368 711 421 f
740 369 809 420 Sp.
837 381 895 417 n.,
929 368 1169 408 adulescens
1188 368 1350 409 virtutis
1376 367 1557 421 iurisque
1585 369 1791 409 studiosus

168 436 274 476 duce
309 437 354 477 P.
398 437 539 477 Mucio
583 437 783 477 Scaevola
824 437 892 486 (de
931 437 999 477 off.
1034 447 1069 477 11
1098 439 1120 486 ἕ
1149 438 1231 489 47),
1277 451 1360 478 eos.
1392 451 1430 479 a.
1468 448 1556 489 105,
1604 439 1790 479 tribunus

168 502 304 555 plebis
333 503 463 544 sactus
490 517 574 544 non
604 511 675 553 est,
712 505 890 545 invidiae
920 506 1235 557 publicanorum
1263 503 1456 545 occubuit
1484 504 1535 543 52
1571 516 1616 557 ¹3

115 705 329 746 Sacerdos:
357 718 396 746 v·
418 718 452 745 5.
473 706 664 746 Licinius

115 773 371 813 Saturnius:
397 787 437 814 v.
451 787 484 814 s.
505 776 734 826 Appuleius

114 842 326 882 Scaevola:
352 856 391 883 v.
412 856 444 882 s.
466 844 637 883 Mucius

113 909 338 962 Scipiones:
364 923 401 950 v·
423 923 455 949 5.
482 911 694 950 Cornelius

114 977 181 1016 Μ.
220 977 338 1016 Seius
369 977 419 1017 L.
451 976 493 1030 f
532 977 575 1016 in
613 978 782 1017 caritate
816 992 1004 1019 annonae
1041 992 1131 1019 asse
1167 980 1354 1020 modium
1391 979 1548 1033 populo
1589 978 1789 1025 vendidit,

167 1042 313 1082 aedilis
333 1055 370 1083 a.
396 1052 460 1093 74,
482 1043 525 1082 in
545 1044 754 1083 aedilitate
775 1044 954 1097 petenda
973 1045 1035 1086 M.
1067 1046 1208 1086 Pisoni
1227 1047 1487 1099 praepositus
1507 1045 1559 1084 12
1581 1045 1633 1087 26

113 1111 352 1151 Serranus:
378 1124 416 1150 v.
434 1124 467 1150 s.
489 1112 649 1150 Atilius

120 1179 194 1219 Tz.
215 1180 483 1230 Sempronius
515 1179 732 1226 Gracchus,
764 1179 833 1220 Ti.
845 1181 889 1232 f.
913 1182 963 1221 P.
988 1194 1049 1230 n.,
1083 1181 1169 1222 eius
1197 1188 1369 1222 conatus
1397 1187 1543 1222 contra
1570 1181 1791 1234 optimates

169 1247 217 1287 P.
235 1246 452 1286 Cornelius
475 1246 616 1299 Scipio
636 1247 793 1286 Nasica
815 1247 985 1300 Serapio
1002 1250 1102 1298 (cos.
1130 1251 1218 1299 138)
1241 1250 1367 1290 caede
1386 1249 1612 1290 vindicavit
1631 1262 1669 1290 a.
1698 1261 1785 1301 133,

169 1313 217 1352 P.
239 1314 381 1352 Mucio
403 1313 627 1354 Scaevolae
647 1314 735 1353 iure
755 1327 897 1354 caesus
916 1316 1133 1356 videbatur
1151 1317 1203 1355 88
1224 1329 1249 1370 9

114 1381 274 1429 Sicilia,
294 1382 429 1435 prima
448 1381 662 1433 provincia
685 1383 969 1422 Romanorum
989 1384 1098 1423 sacta
1117 1398 1156 1423 a.
1180 1397 1272 1435 241,
1294 1384 1347 1425 95
1368 1385 1393 1424 8

114 1452 234 1498 Sora,
268 1449 379 1491 Latii
421 1451 584 1490 colonia
623 1452 677 1490 ad
717 1451 848 1491 Lirim
887 1452 967 1492 sita
990 1452 1167 1505 -Arpino
1206 1453 1342 1493 vicina
1358 1468 1370 1503 ;
1417 1452 1578 1493 incolae
1617 1451 1783 1500 Sorani,

169 1518 222 1558 22
251 1530 302 1568 25

928 1622 967 1662 T

122 1720 355 1766 Terentina,
375 1719 504 1759 tribus
524 1719 739 1768 rusticana,
764 1717 816 1756 21
842 1730 903 1769 15,
924 1719 977 1757 38
1002 1732 1035 1767 1,
1055 1718 1108 1758 43
1132 1730 1195 1770 15,
1217 1717 1269 1758 54
1289 1720 1313 1759 8

122 1789 412 1837 Thessalonica,
447 1789 544 1828 urbs
574 1788 846 1827 Macedoniae
874 1788 927 1827 ad
956 1788 1091 1827 sinum
1120 1789 1158 1828 T
1159 1788 1426 1837 hermaicum,
1457 1787 1531 1828 ubi
1560 1786 1648 1828 Cic.
1673 1786 1787 1827 exsul

169 1865 445 1896 commoratus
467 1863 527 1895 est
555 1856 606 1896 99
630 1868 675 1896 21

114 1924 289 1964 Marcus
323 1924 490 1962 Jullz‘us
510 1924 655 1969 Cicero,
686 1923 828 1963 scribit
858 1936 1050 1963 versuum
1077 1923 1130 1963 de
1159 1923 1376 1962 consulatu
1403 1922 1533 1962 libros
1562 1931 1620 1961 111
1650 1921 1702 1963 74
1722 1933 1788 1974 27,

153 1993 212 2032 in
257 1999 401 2032 senatu
443 1993 543 2031 dicit
590 1999 685 2044 post
727 1993 905 2032 reditum
947 1991 998 2033 74
1043 2004 1107 2043 27,
1163 1992 1340 2044 epistula
1379 1991 1466 2031 eius
1504 1991 1558 2031 ad
1601 1991 1792 2031 Gnaeum

168 2059 415 2110 Pompeium
443 2059 494 2097 85
536 2071 599 2109 30,
644 2060 780 2098 Roma
821 2059 1028 2112 profectus
1071 2058 1122 2098 26
1167 2073 1228 2107 11,
1273 2059 1327 2098 86
1373 2072 1407 2108 1,
1456 2058 1521 2107 89,
1570 2058 1791 2098 Brundisio

166 2126 486 2179 Dyrrhachium,
512 2127 608 2165 inde
629 2127 968 2167 Thessalonicam
996 2127 1124 2173 venit,
1155 2127 1227 2166 ubi
1254 2140 1321 2179 ap.
1357 2127 1436 2167 Cn.
1471 2126 1686 2166 Plancium
1703 2126 1790 2178 Ap-

166 2195 295 2248 puleii
334 2197 533 2248 praetoriS
573 2204 834 2248 quaestorem
871 2210 946 2248 per
982 2207 1053 2236 vll
1094 2196 1246 2235 mensis
1285 2202 1424 2235 manet
1459 2194 1659 2244 97—100‚
1703 2194 1790 2235 eius

166 2265 212 2305 in
233 2265 374 2306 Sicilia
403 2273 622 2317 quaestura
643 2265 693 2303 64
721 2279 781 2315 15,
803 2272 897 2318 post
916 2266 1061 2305 decem
1080 2266 1164 2304 iam
1183 2266 1335 2305 mensis
1358 2270 1573 2304 revocatus
1602 2264 1786 2316 Dyrrha-

166 2333 263 2374 chio
292 2333 486 2373 Puteolos
513 2334 626 2373 venit
655 2333 705 2372 65
739 2347 800 2388 29,
835 2334 996 2374 habitat
1031 2333 1074 2372 in
1112 2333 1240 2373 oculis
1280 2332 1497 2372 hominum
1530 2330 1583 2371 66
1616 2344 1678 2380 10,
1725 2331 1788 2371 M.

168 2402 359 2456 Cispium
387 2402 571 2442 defendit
602 2404 652 2444 75
688 2416 736 2443 10

122 2473 353 2524 Torquatus
366 2487 379 2511 .·
406 2484 445 2511 v.
465 2484 498 2510 s.
520 2472 714 2511 Manlius

117 2540 179 2581 M.
209 2540 373 2579 Tullius
389 2541 561 2588 Decula,
592 2553 675 2580 eos.
701 2554 737 2580 a.
763 2539 827 2588 81,
854 2539 1089 2580 aediliciam
1108 2537 1316 2591 repulsam
1336 2536 1430 2577 tulit
1450 2536 1499 2575 51
1523 2547 1544 2586 7

121 2608 358 2657 Tusculum,
414 2608 614 2660 oppidum
654 2608 782 2657 Latii,
824 2607 1094 2660 municipium
1134 2606 1462 2659 antiquissimum
1503 2605 1554 2644 19
1597 2602 1645 2644 6:
1692 2603 1789 2644 inde

169 2676 406 2716 Tusculani
423 2676 473 2716 19
496 2689 558 2724 21,
585 2675 636 2714 20
657 2688 703 2727 31

1475 2891 1642 2946 15—2
