2046 3112
214 142 271 174 22
633 125 709 175 M
755 124 980 172 TVLLI
1023 123 1430 174 CICERONIS
1604 117 1780 188 [XX11
1806 133 1867 183 53

210 233 632 286 PlanciuSP'-an
655 250 754 283 una
777 232 880 283 fieri
911 241 1195 297 potuerunt,
1226 232 1267 281 si
1297 249 1395 281 una
1417 231 1572 281 tribus
1603 248 1707 281 non
1737 228 1869 280 tulis·

208 326 316 366 sent
330 318 496 366 ?--‘at
518 332 622 366 non
645 317 805 364 nullas
829 314 1023 378 punctis
1047 331 1205 378 paene
1227 314 1466 364 totidem.'
1526 313 1726 376 quippe,
1751 328 1866 361 cum

206 396 305 445 iam
336 395 450 445 facti
477 412 631 459 prope
659 394 987 459 superioribus
1011 393 1222 444 comitiis
1247 392 1579 456 declaratique
1600 392 1866 443 venissent.

206 492 507 539 quamquam
548 492 611 524 ne
646 474 698 524 id
738 474 941 538 quidem
981 474 1312 538 suspicionem
1348 474 1574 524 coitionis
1608 473 1865 524 habuerit:

206 573 369 620 neque
401 556 533 606 enirn
556 573 795 620 umquam
828 555 1037 604 maiores
1069 555 1223 604 nostri
1253 554 1559 605 sortitionem
1590 553 1867 604 constituis·
1907 579 1926 609 5

204 645 314 686 sent
337 636 628 695 aediliciam,
654 635 747 684 nisi
770 635 992 685 viderent
1016 634 1239 684 accidere
1270 651 1416 698 posse
1439 645 1493 684 ut
1517 635 1864 698 competitores

118 728 180 774 54
203 734 343 780 pares
379 717 614 780 suffragiis
650 726 829 765 essent.
901 725 951 765 et
981 715 1052 764 ais
1084 716 1324 777 prioribus
1361 715 1570 764 comitiis
1593 716 1863 765 Aniensem

203 814 233 845 a
269 797 431 847 Plotio
467 797 638 854 Pedio,
669 796 953 846 Teretinam
989 814 1019 846 a
1051 797 1255 846 Plancio
1287 796 1376 845 tibi
1407 813 1514 846 esse
1549 812 1856 846 concessam:

203 895 335 927 nunc
358 880 423 928 ab
447 888 655 941 utroque
675 894 757 927 eas
777 879 984 939 avolsas,
1012 894 1076 927 ne
1093 877 1146 926 in
1163 887 1427 942 angustum
1439 876 1674 926 venirent.
1713 894 1862 940 quam

201 959 433 1010 convenit
449 960 674 1009 nondum
693 957 891 1022 cognita
907 958 1078 1021 populi
1091 959 1344 1008 voluntate
1361 959 1468 1017 hos,
1486 974 1611 1021 quos
1633 957 1733 1007 iam
1758 969 1862 1008 tum
1885 983 1925 1003 ιο

201 1027 493 1090 coniunctos
527 1040 677 1090 fuisse
713 1040 849 1099 dicis,
885 1039 1122 1089 iacturam
1157 1056 1354 1089 suarum
1389 1033 1620 1100 tribuum,
1646 1057 1746 1103 quo
1773 1058 1862 1091 vos

199 1121 567 1182 adiuvaremini,
592 1121 794 1171 fecisse:
830 1123 1048 1181 eosdem,
1076 1138 1191 1170 cum
1213 1121 1312 1169 iam
1336 1130 1501 1170 essent
1532 1121 1718 1183 experti
1742 1122 1863 1185 quid

198 1205 429 1263 valerent,
466 1204 716 1254 restrictos
757 1212 806 1252 et
847 1203 1034 1252 tenacis
1075 1202 1259 1252 fuisse?
1325 1202 1507 1252 etenim
1550 1204 1858 1263 verebantur,

199 1285 362 1343 credo,
410 1283 690 1347 angustias;
738 1283 878 1346 quasi
926 1300 1002 1332 res
1048 1282 1102 1351 in
1141 1282 1513 1331 contentionem
1554 1291 1639 1330 aut
1674 1281 1727 1330 in
1767 1283 1861 1332 dis-

199 1363 382 1414 crimen
421 1365 623 1428 aliquod
658 1374 826 1428 posset
861 1353 1098 1436 venires
1114 1365 1202 1412 sed
1239 1373 1406 1412 tamen
1443 1373 1497 1412 tu
1537 1365 1594 1411 A.
1626 1363 1855 1423 Plotium,
1885 1385 1922 1415 15

196 1444 353 1493 virum
389 1445 766 1504 ornatissimum,
793 1444 844 1494 in
878 1444 1013 1494 idem
1049 1443 1233 1494 crimen
1255 1445 1485 1493 vocando
1518 1443 1709 1493 indicas
1745 1461 1858 1494 eum

197 1535 246 1574 te
269 1523 555 1588 adripuisse,
580 1543 611 1574 a
634 1541 736 1588 quo
760 1541 863 1574 non
887 1524 951 1573 sis
974 1533 1172 1587 rogatus
1188 1527 1211 1573 Ρ
1279 1540 1393 1572 nam
1418 1523 1556 1585 quod
1580 1532 1780 1585 questus
1806 1540 1858 1572 es

195 1605 346 1669 pluris
381 1591 434 1656 te
466 1606 603 1655 testis
639 1607 818 1655 habere
855 1606 918 1654 de
953 1605 1175 1654 Voltinia
1210 1621 1360 1668 quam
1395 1614 1517 1666 quot
1550 1604 1602 1652 in
1636 1620 1696 1652 ea
1729 1604 1856 1654 tribu

195 1696 380 1749 puncta
403 1685 582 1745 tuleris,
609 1686 797 1735 indicas
823 1696 908 1736 aut
939 1702 1026 1735 eos
1057 1685 1194 1735 testis
1227 1695 1277 1734 te
1308 1688 1591 1749 producere,
1619 1688 1715 1751 qui,
1743 1688 1858 1751 quia

195 1783 422 1816 nummos
458 1766 749 1829 acceperint,
775 1775 824 1816 te
855 1765 1202 1829 praeterierint,
1229 1777 1314 1816 aut
1345 1776 1394 1816 te
1425 1783 1489 1815 ne
1516 1767 1726 1831 gratuita
1750 1769 1855 1832 qui·
1877 1796 1919 1816 20

110 1846 170 1893 55
195 1846 310 1895 dem
347 1862 516 1895 eorum
554 1845 782 1908 suffragia
820 1845 1030 1924 tulissey
1099 1847 1283 1894 XXIII
1353 1846 1475 1897 illud
1520 1864 1636 1897 vero
1671 1848 1855 1898 crimen

194 1928 258 1975 de
282 1927 511 1988 nummis,
534 1944 658 1989 quos
682 1927 733 1976 in
763 1926 893 1976 circo
918 1925 1162 1975 Flaminio
1183 1929 1518 1990 deprehensos
1543 1945 1650 1978 esse
1674 1929 1851 1989 dixisti,

194 2007 342 2057 caluit
365 2025 417 2057 re
440 2008 640 2064 recenti,
664 2025 796 2056 nunc
819 2008 871 2055 in
903 2024 1051 2057 causa
1080 2007 1290 2057 refrixit:
1326 2025 1488 2071 neque
1517 2010 1648 2059 enim
1681 2010 1763 2073 qui
1786 2011 1854 2059 illi

194 2088 383 2137 nummi
422 2088 598 2137 fuerint
638 2105 732 2137 nec
769 2105 898 2151 quae
939 2088 1095 2137 tribus
1131 2104 1225 2137 nec
1262 2087 1346 2151 qui
1392 2089 1574 2138 divisor
1619 2091 1848 2139 ostendis.

193 2180 342 2232 atque
380 2168 421 2217 is
459 2168 660 2232 quidem
701 2170 909 2218 eductus
944 2170 1008 2218 ad
1043 2170 1285 2228 consules,
1323 2169 1407 2232 qui
1442 2179 1546 2218 tum
1580 2170 1629 2218 in
1667 2171 1852 2220 crimen
1873 2197 1913 2226 25

191 2252 473 2309 vocabatur,
517 2266 569 2298 se
605 2249 772 2312 inique
819 2267 849 2298 a
894 2249 989 2299 tuis
1028 2249 1262 2299 iactatum
1299 2251 1506 2312 graviter
1542 2254 1847 2312 querebatur.

193 2329 275 2392 qui
310 2330 350 2379 si
381 2339 483 2379 erat
508 2328 702 2388 divisor,
729 2330 1014 2392 praesertim
1047 2329 1164 2389 eius,
1191 2347 1340 2393 quem
1371 2340 1425 2379 tu
1455 2328 1673 2380 habebas
1696 2348 1847 2390 reum,

192 2427 277 2459 cur
309 2412 398 2460 abs
433 2421 483 2460 te
518 2427 628 2459 reus
663 2427 765 2459 non
801 2421 875 2459 est
910 2412 1105 2459 factus?
1139 2426 1225 2459 cur
1258 2426 1361 2459 non
1395 2410 1496 2459 eius
1531 2411 1848 2462 damnatione

193 2489 378 2551 aliquid
401 2491 465 2538 ad
490 2491 588 2539 hoc
610 2489 844 2538 iudicium
869 2487 1155 2552 praeiudicii
1179 2488 1514 2552 comparasti?
1574 2491 1662 2538 sed
1687 2507 1847 2552 neque

193 2579 244 2618 tu
268 2571 391 2619 haec
414 2571 565 2620 habes
589 2586 753 2632 neque
776 2569 845 2619 eis
870 2570 1077 2619 confidis
1098 2588 1108 2618 ε
1143 2570 1238 2618 alia
1262 2579 1310 2619 te
1333 2569 1471 2630 ratio,
1496 2569 1592 2619 alia
1615 2570 1846 2634 cogitatio
1869 2589 1911 2619 30

191 2650 256 2697 ad
295 2667 435 2713 spem
472 2650 614 2699 huius
652 2649 965 2713 opprimendi
1002 2649 1244 2699 excitavit.
1316 2665 1524 2712 magnae
1565 2659 1677 2698 sunt
1711 2650 1761 2698 in
1798 2659 1847 2700 te

192 2743 342 2790 opes3
378 2731 475 2779 late
500 2739 635 2793 patet
658 2729 840 2791 gratia:
877 2728 1019 2778 multi
1042 2728 1204 2788 amici,
1228 2727 1369 2777 multi
1399 2727 1568 2790 cupidi
1592 2728 1678 2790 tui,
1706 2729 1844 2777 multi

190 2809 402 2857 fautores
420 2809 577 2857 laudis
592 2818 729 2868 tuae3
759 2807 900 2856 multi
924 2807 1037 2856 huic
1060 2806 1284 2857 invident
1292 2826 1307 2869 3
1330 2806 1492 2856 multis
1518 2807 1664 2857 etiam
1689 2819 1841 2872 pater,

2039 732 2046 754 l

2041 766 2046 787 Ξ
