2046 3112
168 106 225 138 12
597 87 676 136 M.
720 86 945 134 TVLLI
986 84 1395 134 CICERONIS
1636 80 1735 150 [XI
1764 82 1824 131 28

164 194 466 247 Macedonia
489 195 559 245 sic
582 211 694 244 eum
719 192 888 257 diligit,
910 202 964 243 ut
986 192 1205 243 indicant
1228 194 1279 242 hi
1301 191 1548 258 principes
1571 192 1824 243 civitatum

163 293 359 326 suarum
367 294 382 338 3
418 275 640 339 quicum
675 273 810 323 missi
842 273 938 323 sint
967 275 1032 323 ob
1067 274 1212 323 aliam
1244 291 1457 335 causam,
1483 283 1650 324 tamen
1681 275 1825 323 huius

162 355 421 420 repentino
444 355 662 420 periculo
687 355 923 404 commoti
946 354 1060 403 huic
1084 354 1324 415 adsident,
1351 372 1442 418 pro
1465 357 1562 405 hoc
1585 357 1823 415 laborant,

162 437 276 485 huic
313 436 353 486 si
389 446 584 500 praesto
625 435 817 494 fuerint,
854 435 1034 498 gratius
1073 452 1125 484 se
1165 434 1441 485 civitatibus
1478 435 1579 484 suis
1614 438 1827 484 facturos

163 526 339 580 putant
379 533 527 579 quam
568 515 608 564 si
644 515 939 578 legationem
980 532 1120 564 suam
1161 525 1210 565 et
1243 518 1476 565 mandata
1509 516 1823 565 confecerint.
1872 534 1891 565 5

165 600 220 647 L.
246 613 363 647 vero
385 597 624 660 Apuleius
648 598 782 644 hunc
807 596 927 645 tanti
950 597 1079 656 facit,
1106 606 1160 646 ut
1190 614 1379 647 morem
1407 597 1545 646 illum
1569 597 1824 659 maiorum,

165 677 250 740 qui
274 676 555 740 praescribit
577 676 628 724 in
657 686 917 739 parentum
951 680 1063 727 loco
1094 677 1433 741 quaestoribus
1458 677 1556 725 suis
1579 686 1828 740 praetores

164 772 272 805 esse
312 765 550 819 oportere,
588 756 758 806 officiis
798 758 1240 820 benevolentiaque
1281 757 1530 820 superarit.
1603 757 1827 806 tribunus

164 835 320 899 plebis
355 837 458 896 fuit,
495 853 596 885 non
630 839 833 887 fortasse
868 847 968 886 tam
1004 839 1272 887 vehemens
1307 854 1456 900 quam
1490 837 1582 898 isti,
1613 854 1739 900 quos
1773 846 1828 887 tu

166 918 268 969 iure
290 921 476 979 laudas,
504 920 591 967 sed
617 927 745 968 certe
769 920 892 981 talis,
919 922 1088 982 quales
1117 920 1158 968 si
1190 936 1361 969 omnes
1393 935 1586 982 semper
1607 919 1827 979 fuissent,
1853 941 1894 963 10

79 1008 142 1055 29
166 1016 438 1062 numquam
503 1000 806 1050 desideratus
868 1003 1136 1050 vehemens
1194 1010 1322 1050 esset
1378 1000 1614 1049 tribunus.
1719 1002 1827 1048 XII

166 1080 342 1130 omitto
382 1080 477 1139 illa,
505 1097 632 1144 quae
670 1080 710 1129 si
746 1080 909 1129 minus
950 1080 1003 1128 in
1040 1097 1219 1129 scaena
1258 1090 1384 1141 sunt,
1430 1089 1480 1128 at
1525 1089 1670 1140 certe,
1713 1096 1829 1128 curn

166 1169 282 1210 sunt
321 1163 525 1224 prolata,
568 1162 840 1220 laudantur,
883 1170 937 1209 ut
977 1161 1108 1211 vivat
1154 1178 1267 1210 cum
1313 1162 1426 1221 suis,
1467 1161 1679 1224 primum
1713 1177 1830 1209 cum

164 1252 552 1307 parente—nam
575 1259 689 1292 meo
712 1242 895 1292 iudicio
919 1242 1075 1305 pietas
1109 1244 1484 1292 fundamentum
1510 1252 1583 1291 est
1607 1241 1829 1291 omnium

164 1322 481 1383 virtutum—‚
530 1338 678 1385 quem
723 1331 915 1371 veretur
959 1331 1014 1371 ut
1059 1324 1439 1385 deum—neque
1491 1322 1624 1371 enim
1673 1323 1829 1370 multo
1856 1344 1894 1375 15

165 1419 308 1453 secus
332 1413 406 1452 est
429 1419 605 1466 parens
629 1402 871 1464 liberis—,
899 1411 1032 1452 amat
1053 1419 1169 1452 vero
1193 1411 1248 1451 ut
1271 1404 1505 1462 sodalem,
1531 1412 1585 1451 ut
1618 1404 1828 1462 fratrem,

166 1494 220 1534 ut
243 1486 513 1547 aequalem.
586 1484 709 1547 quid
733 1484 895 1532 dicam
930 1500 1042 1532 cum
1074 1492 1265 1547 patruo,
1292 1500 1406 1531 cum
1429 1483 1689 1544 adfinibus,
1715 1500 1830 1531 cum

165 1565 470 1630 propinquis,
495 1582 609 1614 cum
640 1566 736 1614 hoc
761 1567 855 1615 Cn.
881 1565 1158 1626 Saturnino,
1186 1564 1495 1614 ornatissimo
1518 1564 1658 1613 viro?
1692 1562 1832 1612 cuius

168 1656 399 1710 quantam
435 1644 636 1695 honoris
670 1645 813 1694 huius
848 1645 1169 1708 cupiditatem
1200 1645 1347 1694 fuisse
1383 1645 1597 1704 creditis,
1624 1661 1738 1694 cum
1767 1644 1835 1693 vi-

168 1727 296 1777 detis
331 1729 490 1776 luctus
532 1727 858 1776 societatem?
922 1727 1042 1790 quid
1078 1729 1142 1776 de
1177 1744 1256 1776 me
1292 1726 1470 1787 dicam,
1508 1726 1592 1790 qui
1625 1726 1747 1774 mihi
1780 1725 1831 1774 in
1855 1746 1897 1767 20

168 1808 311 1856 huius
335 1808 554 1871 periculo
577 1825 687 1857 reus
712 1825 819 1858 esse
841 1808 1043 1859 videor?
1076 1808 1196 1872 quid
1220 1811 1283 1858 de
1307 1809 1383 1857 his
1407 1818 1480 1858 tot
1503 1808 1615 1857 viris
1638 1809 1831 1868 talibus,

168 1907 293 1953 quos
316 1889 492 1939 videtis
514 1899 651 1940 veste
675 1894 899 1940 mutata?
957 1899 1105 1953 atque
1130 1892 1254 1939 haec
1277 1899 1391 1938 sunt
1413 1889 1608 1950 indicia,
1629 1888 1832 1950 iudices,

169 1970 328 2019 solida
359 1979 407 2019 et
439 1986 679 2033 expressa,
705 1971 831 2020 haec
865 1970 1004 2033 signa
1036 1969 1295 2033 probitatis
1326 1986 1430 2018 non
1460 1971 1626 2018 fucata
1654 1969 1835 2018 forensi

169 2052 347 2115 specie,
374 2052 464 2101 sed
498 2052 780 2101 domesticis
815 2052 978 2101 inusta
1010 2052 1141 2101 notis
1163 2051 1394 2101 veritatis.
1463 2051 1616 2100 facilis
1649 2059 1724 2099 est
1754 2051 1837 2099 illa

170 2132 444 2182 occursatio
476 2141 525 2181 et
559 2132 798 2181 blanditia
828 2132 1099 2196 popularis:
1134 2131 1378 2195 aspicitur,
1405 2148 1509 2180 non
1532 2139 1834 2181 attrectatur:
1857 2151 1897 2181 25

85 2224 147 2272 30
170 2213 342 2276 procul
371 2220 588 2275 apparet,
613 2228 716 2261 non
749 2213 1000 2274 excutitur,
1031 2229 1134 2261 non
1164 2211 1216 2260 in
1247 2228 1420 2261 manus
1445 2211 1662 2260 sumitur.
1734 2228 1837 2259 om-

169 2294 314 2343 nibus
353 2293 498 2356 igitur
535 2295 680 2342 rebus
726 2303 954 2343 ornatum
994 2294 1263 2355 hominem,
1301 2303 1404 2343 tam
1439 2292 1648 2343 externis
1685 2309 1835 2356 quam

168 2372 466 2435 domesticis,
509 2389 612 2422 non
651 2374 796 2422 nullis
835 2376 981 2424 rebus
1027 2373 1304 2424 inferiorem
1344 2390 1494 2437 quam
1539 2383 1603 2432 te,
1644 2372 1837 2436 generis

169 2453 283 2502 dico
315 2461 364 2502 et
393 2453 622 2514 nominis,
648 2453 946 2517 superiorem
971 2453 1090 2515 aliis,
1116 2453 1424 2517 municipum
1456 2452 1728 2502 vicinorum
1763 2468 1838 2501 so-

169 2533 400 2582 cietatum
426 2533 603 2593 studio,
629 2549 852 2582 meorum
876 2543 1155 2597 temporum
1178 2533 1430 2592 memoria,
1455 2548 1627 2596 parem
1658 2532 1836 2581 virtute
1860 2549 1904 2581 30

169 2615 443 2677 integritate
467 2615 710 2664 modestia
733 2614 946 2665 aedilem
969 2617 1153 2664 factum
1176 2631 1285 2664 esse
1307 2613 1493 2663 miraris
1508 2614 1532 2662 ?

271 2697 424 2744 Hunc
455 2703 509 2744 tu
531 2695 662 2744 vitae
685 2696 1002 2758 splendorem
1034 2694 1238 2744 maculis
1267 2693 1484 2758 aspergis
1511 2692 1651 2742 istis?
1718 2691 1837 2741 iacis

170 2773 424 2837 adulteria,
450 2790 578 2838 quae
612 2791 762 2825 nemo
794 2790 899 2825 non
933 2776 1088 2826 modo
1112 2774 1328 2836 nomine,
1359 2775 1447 2824 sed
1470 2789 1535 2823 ne
1559 2773 1838 2838 suspicione
