2046 3112
236 105 332 137 -120
721 91 874 140 PRO
925 91 1034 140 CN.
1076 92 1409 143 PLANCIO
1565 91 1685 160 [xx
1719 88 1899 158 §229-

233 196 476 248 significatio
494 197 629 238 aliena
647 197 701 237 ab
719 197 799 238 hoc
819 198 912 238 loco
931 204 1007 244 est,
1028 199 1070 237 in
1091 212 1173 251 quo
1193 206 1363 251 apparet
1383 199 1462 239 hoc
1481 199 1632 241 debere
1653 201 1897 241 Ciceronem

233 251 382 299 dicere,
406 251 447 290 in
470 251 611 291 Planci
630 252 784 292 honore
806 258 893 291 tota
911 252 1078 292 comitia
1097 254 1307 304 superiora
1326 254 1502 293 faustum
1522 268 1643 295 omen
1666 256 1896 307 posteriori-

233 304 310 344 bus
329 305 504 345 comitiis
524 305 657 345 fuisse.
696 306 843 358 Itaque
863 319 947 345 non
967 307 1112 346 dubito
1133 307 1231 358 quin
1244 309 1533 358 praerogativa
1549 322 1622 360 pro
1642 310 1896 348 substantivo

232 357 468 398 habendum
495 359 560 405 sit,
588 365 724 411 atque,
750 366 794 399 ut
824 360 866 399 in
894 361 984 400 Cic.
1012 374 1078 411 ep.
1108 362 1159 399 ad
1191 361 1272 400 div.
1299 371 1362 400 XV
1390 373 1410 410 5
1432 363 1454 409 ἓ
1478 375 1499 400 2
1528 363 1671 413 quodsi
1694 362 1901 414 triumphi

229 413 622 464 praerogativam
642 419 770 465 putas
796 414 1129 465 supplicationem
1158 421 1198 454 et
1227 415 1340 461 alibi,
1362 414 1576 454 faustum
1604 429 1744 455 omen
1773 417 1895 467 signi-

233 465 341 506 ficet.
398 467 527 506 Recte
546 473 683 506 autem
702 468 864 507 dativos
882 468 1052 506 comitiis
1077 481 1119 508 se
1139 468 1278 508 habet.
1337 469 1415 522 Cp.
1442 469 1552 509 Ovid
1574 471 1746 510 Metam.
1767 481 1797 509 v
1817 483 1897 520 550

232 520 372 559 dirum
392 521 689 560 mortalibus
706 535 822 561 omen
842 522 952 561 bubo.
1011 532 1068 561 W.

314 603 337 649 ἓ
356 605 439 648 50,
458 604 489 640 1.
509 605 570 640 10.
629 604 676 640 id.
703 604 1280 649 facere—quod—fecerunt,
1311 601 1381 650 ut]
1419 602 1590 642 observe
1618 602 1706 643 that
1735 603 1805 643 the
1833 608 1896 643 ut-

232 655 367 694 clause
388 656 421 694 is
449 656 546 694 here
565 656 607 694 in
626 656 861 707 apposition
881 662 925 694 to
953 656 1022 695 the
1042 669 1243 707 pronoun,
1268 656 1401 695 which
1432 657 1462 695 it
1489 670 1623 696 serves
1649 664 1692 696 to
1720 658 1896 708 expand‚

233 709 415 761 defining
447 710 558 748 what
589 710 621 748 is
655 716 795 748 meant
826 723 941 748 more
971 710 1184 761 precisely.
1243 709 1309 750 Cf.
1338 709 1404 755 §8
1431 710 1458 748 l.
1482 723 1518 761 3,
1550 712 1572 758 ξ
1596 710 1691 750 161.
1717 725 1780 758 11,
1804 714 1824 760 ἓ
1848 721 1894 760 72

232 762 260 801 l.
284 765 320 810 8,
349 765 369 811 ἓ
394 774 442 814 75
463 764 492 802 1.
520 776 580 816 19,
606 764 744 802 Kenn.
768 764 841 802 Gr.
862 777 902 815 p.
929 777 1020 814 440.

311 844 344 880 1.
364 845 424 881 12.
485 853 584 882 cum
615 845 761 881 minus
788 845 1032 882 valuissent
1065 845 1288 889 suffrag-fis
1318 852 1451 889 quam
1481 842 1732 892 putassent]
1766 843 1898 882 ‘since

232 896 328 948 they
345 909 451 936 were
467 906 540 936 not
559 910 606 936 so
625 903 768 948 strong
786 897 828 936 in
848 904 964 936 votes
984 910 1029 935 as
1048 897 1144 948 they
1158 897 1239 936 had
1260 895 1491 948 expected,’
1509 899 1531 945 ἓ
1551 910 1602 950 49
1622 897 1647 936 l.
1671 911 1708 936 2.

311 978 340 1015 1.
366 980 427 1016 13.
487 979 675 1024 prolatis
711 977 917 1026 comitiis]
971 979 981 997 ‘
997 977 1052 1028 by
1085 991 1137 1016 an
1176 977 1466 1028 adjournment
1505 977 1553 1015 os
1579 977 1649 1016 the
1686 974 1898 1028 meeting‚'

232 1029 362 1069 either
380 1030 436 1081 by
454 1031 709 1070 obnuntiatio
734 1045 780 1070 or
798 1032 973 1070 because
995 1031 1043 1070 of
1066 1046 1090 1070 a
1109 1045 1201 1070 case
1221 1031 1268 1070 of
1286 1032 1448 1069 morbus
1466 1032 1695 1079 comitialis,
1719 1032 1899 1081 Ramsay

231 1085 283 1123 R.
308 1085 362 1123 A.
388 1098 430 1135 p.
457 1097 471 1123 1
485 1098 543 1135 ¹4·
578 1085 643 1125 Cf.
661 1086 794 1124 Plaut.
809 1085 930 1138 Capt.
955 1095 970 1124 1
992 1099 1042 1125 10
1060 1086 1367 1137 nln'prolatae
1385 1100 1448 1125 res
1465 1092 1579 1131 sunt,
1598 1090 1606 1106 ‘
1625 1086 1745 1125 when
1759 1085 1897 1138 public

230 1137 418 1177 business
437 1138 469 1178 is
489 1145 562 1191 put
583 1138 669 1179 off.'

311 1222 339 1258 1.
366 1223 426 1258 15.
487 1222 546 1258 ad
562 1223 610 1259 te
628 1231 891 1260 conversura
909 1220 1061 1270 fuerIt]
1096 1220 1255 1259 ‘would
1280 1220 1386 1259 have
1412 1233 1528 1259 corne
1558 1220 1691 1260 round
1718 1226 1762 1259 to
1785 1218 1899 1271 you,'

233 1272 371 1312 Kenn.
398 1274 470 1313 Gr.
496 1287 538 1325 p.
560 1276 652 1324 485,
678 1274 717 1314 6.
775 1276 907 1314 Other
938 1275 1143 1314 instances
1172 1276 1220 1313 of
1241 1275 1311 1314 the
1336 1281 1478 1314 neuter
1504 1288 1576 1314 use
1606 1274 1654 1313 of
1677 1280 1900 1313 convertere

232 1340 300 1365 are
316 1328 428 1366 Brut.
450 1330 470 1376 ἓ
490 1341 560 1375 141
584 1329 655 1367 lzoc
672 1329 824 1367 vitium
843 1329 940 1367 lznz'c
959 1330 1040 1367 uni
1056 1329 1101 1368 in
1123 1330 1269 1368 bonum
1289 1329 1608 1374 convertebat,
1631 1329 1783 1368 Sallust
1804 1329 1898 1367 Cat.

232 1390 281 1418 VI
307 1391 327 1430 7
362 1382 433 1419 ubi
456 1382 611 1432 regium
638 1383 855 1433 imperium
885 1383 932 1421 in
963 1383 1191 1434 superbiant
1221 1383 1613 1434 dominationemque
1639 1384 1898 1427 convertit,

232 1435 355 1474 Lucr.
376 1445 406 1473 V
430 1449 530 1486 1422
552 1437 778 1487 disperiisse
791 1450 918 1488 neque
938 1437 1186 1489 infrztclmn
1207 1443 1485 1476 convertere
1502 1437 1647 1488 quisse.

313 1527 552 1564 numquam
580 1518 1217 1567 enim—nobffltas—supplex]
1259 1519 1478 1570 exprobrat
1507 1517 1732 1556 identidem
1761 1529 1899 1568 super·

232 1570 358 1618 biam,
392 1573 503 1622 quod
534 1573 662 1611 nimia
690 1573 841 1612 fiducia
870 1573 1098 1612 nobilitatis
1128 1573 1375 1624 dedignatus
1404 1573 1454 1611 sit
1485 1573 1640 1623 populo
1670 1571 1901 1623 supplicare

232 1638 280 1664 ac
311 1632 527 1677 propterea
552 1639 636 1665 non
662 1627 941 1678 impetraverit
967 1627 1233 1674 aedilitatem,
1257 1640 1362 1678 quae
1387 1640 1412 1665 a
1439 1627 1609 1665 Plancio
1632 1625 1902 1665 verecundius

233 1687 356 1731 atque
376 1680 590 1719 demissius
609 1687 827 1733 peteretur.
886 1691 1045 1720 SCHOL.
1067 1691 1172 1720 VAT.
1636 1688 1638 1690 '

312 1763 342 1799 1.
365 1765 426 1801 16.
485 1763 664 1808 integra
681 1761 960 1810 praesertim]
1016 1761 1042 1800 i.
1058 1774 1097 1813 q.
1132 1760 1429 1813 praesertim
1449 1760 1489 1799 si
1509 1759 1706 1811 integra
1725 1765 1867 1799 esset.

313 1841 342 1878 1.
367 1843 428 1879 17.
490 1843 677 1887 supplex
692 1843 929 1887 repudiata
953 1840 1038 1888 est]
1067 1839 1141 1878 i.e.
1163 1852 1272 1878 cum
1295 1839 1628 1890 supplicabat,
1653 1851 1710 1878 or.
1732 1851 1773 1890 p.
1794 1839 1898 1878 Sest.

233 1893 255 1941 ἓ
276 1904 326 1944 54
340 1906 466 1944 gener
481 1907 507 1932 a
525 1895 685 1933 Pisonis
704 1895 879 1933 consulis
889 1895 1061 1945 pedibus
1079 1894 1289 1945 supplex
1307 1893 1555 1932 reddebatur.

233 2029 256 2077 ἓ
309 1975 344 2067 ἒ
364 1977 427 2013 18.
485 1976 627 2022 pluris
664 1974 767 2024 fuit]
816 1975 939 2026 Roby
976 1975 1048 2014 Gr.
1094 1984 1129 2014 11
1169 1973 1331 2026 presace
1364 1987 1407 2025 p.
1436 1973 1522 2012 lviii
1556 1973 1614 2022 ff„
1653 1974 1792 2012 Kenn.
1827 1974 1898 2013 Gr.

288 2041 303 2067 1
339 2039 377 2078 9.

312 2111 345 2147 1.
365 2111 428 2148 20.
482 2111 668 2148 minoris
684 2107 876 2161 putaris]
897 2122 951 2149 sc.
978 2122 1025 2149 es
1038 2122 1101 2149 se.

313 2192 345 2228 1.
366 2194 430 2229 21.
489 2189 694 2239 secundo]
733 2204 831 2242 very
850 2191 982 2243 rarely
1009 2191 1110 2231 used
1143 2191 1317 2231 without
1348 2191 1428 2231 loco
1456 2191 1520 2231 for
1546 2195 1557 2214 ‘
1575 2190 1801 2243 secondly‚’
1835 2191 1900 2230 ‘in

233 2242 476 2349 {hlehsgrciopd
496 2243 644 2296 place‚'
663 2244 715 2283 cf.
731 2245 784 2284 de
798 2245 878 2297 leg.
901 2255 917 2284 1
938 2247 959 2293 ἓ
980 2256 1045 2296 35.
1103 2245 1392 2285 Hirschfelder
1405 2246 1509 2285 adds
1527 2246 1606 2285 loco
1623 2246 1798 2285 without
1818 2246 1899 2285 MS

315 2382 346 2417 1.
367 2383 428 2418 23.
462 2382 526 2418 eis
545 2379 748 2428 denique]
780 2379 884 2431 ‘just
904 2385 948 2418 to
966 2379 1083 2419 those
1096 2393 1265 2432 persons
1280 2379 1422 2419 ⁹:Gr.
1437 2377 1592 2419 τούτοις
1619 2377 1678 2428 δή,
1702 2393 1770 2420 see
1787 2393 1827 2420 n.
1846 2393 1900 2419 on

238 2434 259 2480 ἓ
282 2449 305 2483 4
326 2433 353 2472 l.
380 2432 443 2480 26,
469 2433 550 2472 and
566 2433 617 2472 cf.
638 2447 704 2485 ep.
726 2433 778 2472 ad
798 2434 896 2472 fam.
917 2443 948 2472 X
973 2446 1033 2482 10,
1059 2445 1074 2473 Ι
1098 2435 1134 2473 z‘s
1151 2436 1261 2474 enim
1280 2435 1334 2473 de
1343 2435 1490 2486 nique
1506 2434 1630 2473 honos
1644 2435 1754 2472 milzz'
1770 2435 1905 2473 videa-i

234 2488 339 2534 solet,
365 2486 442 2538 qui
472 2500 555 2526 non
577 2492 745 2538 propter
767 2493 873 2539 spem
890 2488 1046 2539 futuri
1070 2489 1257 2539 beneficii,
1294 2489 1365 2527 sed
1383 2494 1551 2540 propter
1574 2501 1724 2538 magna
1755 2489 1902 2526 merila

234 2541 359 2579 claris
378 2540 486 2579 viris
503 2541 693 2592 defertur,
719 2554 778 2579 or.
799 2554 840 2593 p.
865 2541 1032 2591 Quinct.
1057 2544 1079 2590 ἓ
1106 2544 1170 2593 38,
1196 2543 1275 2582 Ov.
1300 2542 1397 2582 Am.
1425 2552 1481 2581 111
1501 2558 1540 2590 4,
1566 2555 1588 2592 5
1617 2542 1656 2580 si
1683 2555 1765 2593 qua
1794 2547 1900 2580 metu

234 2594 389 2646 dempto
399 2596 508 2633 cas'ta
522 2600 588 2647 est,
612 2607 661 2633 ea
680 2595 886 2647 denique
904 2601 1010 2634 casta
1029 2601 1098 2636 est.

315 2676 346 2712 1.
367 2677 428 2712 24.
488 2674 734 2724 ambitioni]
776 2674 916 2713 multis
949 2674 1059 2714 enim
1098 2674 1374 2714 ambientibus
1404 2673 1536 2713 honos
1570 2675 1689 2714 datur
1707 2689 1717 2714 ι
1751 2674 1824 2714 sed
1843 2674 1902 2714 eis

236 2727 452 2767 iucundior
469 2738 557 2766 esse
575 2727 711 2776 debet,
735 2741 908 2780 quorum
928 2728 1120 2780 dignitati
1135 2729 1270 2768 datur.
1327 2738 1428 2768 MAN
1439 2739 1515 2768 UT1
1524 2739 1574 2768 US
