2046 3112
130 155 284 202 XXII
313 150 397 219 53]
457 155 607 204 PRO
658 156 767 204 CN.
804 156 1136 205 PLANCIO
1187 155 1470 206 ORATIO
1737 172 1794 204 21

130 262 463 322 coniunctum,
481 262 727 327 egregium
745 264 916 326 virum,
944 267 999 313 L.
1017 264 1317 325 Volcatium,
1331 263 1455 313 vidit
1471 265 1549 325 M,
1564 262 1796 313 Pisonem

129 344 223 394 ista
258 344 310 394 in
357 346 604 396 aedilitate
645 346 1000 396 offensiuncula
1045 357 1251 411 accepta
1290 363 1511 397 summos
1546 363 1575 395 a
1610 348 1799 410 populo

130 428 362 476 Romano
387 445 494 476 esse
519 429 732 478 honores
751 430 972 492 adeptos.
1027 446 1146 479 avus
1164 446 1280 479 vero
1305 438 1418 479 tuus
1444 439 1491 478 et
1512 431 1563 477 P.
1585 429 1799 478 Nasicae

128 508 218 558 tibi
241 509 518 558 aediliciam
542 511 847 574 praedicaret
878 514 1139 575 repulsam,
1167 529 1268 576 quo
1292 513 1399 562 cive
1431 511 1680 562 neminem
1706 528 1799 575 ego

129 601 291 640 statuo
329 590 380 640 in
411 593 505 640 hac
540 609 591 642 re
623 593 823 656 publica
853 593 1118 655 fortiorem,
1146 605 1195 644 et
1225 596 1280 645 C.
1311 594 1470 655 Marii,
1497 594 1582 658 qui
1607 596 1799 643 duabus

128 673 456 722 aedilitatibus
471 676 692 737 repulsus
713 667 930 739 septiens
946 679 1120 725 consul
1138 685 1211 726 est
1226 678 1398 733 factUS,
1415 685 1463 726 et
1483 678 1536 724 L.
1557 675 1796 734 Caesaris,

129 756 221 804 Cn.
249 757 459 815 Octavii,
488 759 557 806 M.
586 757 767 807 Tullii:
809 774 935 821 quos
965 760 1126 808 omnis
1159 760 1338 808 scimus
1375 758 1622 808 aedilitate
1659 774 1797 822 prae—

127 835 295 884 teritos
334 839 561 886 consules
610 854 717 887 esse
765 840 934 888 factos.
1007 841 1097 888 sed
1137 839 1255 903 quid
1298 856 1391 902 ego
1429 838 1679 888 aedilicias
1728 854 1798 887 re·
1823 840 1882 886 52

126 918 290 979 pulsas
349 917 585 981 conligo?
658 936 785 981 quae
844 936 994 983 saepe
1056 919 1160 969 eius
1219 920 1358 969 modi
1423 918 1620 968 habitae
1668 928 1796 978 sunt,

67 1018 106 1038 ιο
126 1006 179 1045 ut
204 997 287 1058 eis,
314 997 398 1060 qui
428 998 675 1060 praeteriti
699 1008 878 1056 essent,
903 999 1116 1062 benigne
1141 1016 1170 1049 a
1197 1001 1383 1062 populo
1406 1001 1592 1048 factum
1616 999 1799 1048 videre-

127 1087 214 1126 tur.
277 1078 499 1127 tribunus
541 1078 752 1127 militum
797 1082 850 1128 L.
894 1080 1165 1144 Philippus,
1205 1098 1399 1130 summa
1445 1081 1703 1130 nobilitate
1749 1090 1798 1129 et

125 1160 420 1223 eloquentia,
461 1170 690 1223 quaestor
726 1163 781 1211 C.
824 1162 1032 1223 Caelius,
1081 1162 1376 1211 clarissimus
1415 1180 1474 1211 ac
1509 1161 1798 1211 fortissimus

123 1244 427 1304 adulescens,
469 1242 652 1292 tribuni
697 1243 857 1307 plebis
910 1246 960 1292 P.
1003 1244 1217 1293 Rutilius
1255 1246 1429 1303 Rufus,
1469 1246 1527 1294 C.
1566 1243 1796 1303 Fimbria,

126 1326 181 1373 C.
212 1323 424 1383 Cassius,
465 1325 555 1373 Cn.
587 1325 788 1373 Orestes
825 1324 939 1373 facti
975 1341 1078 1373 non
1114 1334 1242 1384 sunt,
1270 1342 1396 1387 quos
1432 1334 1600 1374 tamen
1636 1324 1797 1374 omnis

64 1429 77 1449 ι
126 1405 353 1453 consules
389 1403 571 1452 scimus
608 1405 766 1452 factos
802 1421 908 1453 esse
925 1424 939 1466 3
990 1421 1118 1467 quae
1154 1405 1243 1453 tibi
1279 1407 1406 1453 ultro
1445 1414 1584 1468 pater
1620 1413 1668 1453 et
1699 1421 1798 1452 ma—

123 1486 251 1534 iores
285 1485 357 1534 tui
392 1502 494 1534 non
527 1486 820 1535 consolandi
849 1486 921 1535 tui
952 1486 1107 1550 gratia
1142 1487 1323 1547 dicent,
1351 1503 1514 1549 neque
1541 1503 1658 1535 vero
1695 1502 1796 1548 quo

124 1578 173 1622 te
206 1567 414 1615 liberent
447 1567 612 1630 aliqua
644 1569 804 1629 culpa,
832 1584 983 1629 quam
1020 1576 1074 1616 tu
1098 1568 1293 1626 vereris,
1320 1584 1384 1616 ne
1419 1584 1449 1615 a
1484 1576 1533 1616 te
1566 1575 1797 1629 suscepta

123 1648 358 1707 videatur,
378 1649 464 1696 sed
489 1658 542 1695 ut
567 1657 614 1696 te
630 1649 694 1696 ad
713 1647 862 1696 istum
887 1665 1083 1696 cursum
1106 1650 1394 1708 tenendum,
1417 1665 1567 1711 quem
1592 1664 1622 1696 a
1640 1646 1798 1710 prima

123 1739 284 1779 aetate
320 1730 590 1792 suscepisti,
621 1731 952 1779 cohortentur.
1025 1730 1146 1779 nihil
1181 1740 1257 1780 est
1292 1731 1438 1792 enim,
1477 1729 1597 1778 mihi
1633 1731 1792 1786 crede,

125 1811 415 1871 Laterensis,
443 1813 505 1859 de
530 1820 579 1860 te
604 1813 890 1860 detractum.
953 1813 1230 1861 detractum
1256 1813 1400 1861 dico?
1435 1812 1475 1861 si
1499 1829 1580 1861 me
1599 1813 1796 1861 hercule

122 1911 235 1944 vere
278 1896 414 1957 quod
452 1893 631 1943 accidit
671 1893 976 1958 interpretari
1017 1895 1151 1954 velis,
1194 1904 1269 1944 est
1315 1894 1504 1958 aliquid
1546 1893 1695 1944 etiam
1732 1894 1796 1944 de

120 1977 295 2026 virtute
328 1976 652 2039 significatum
689 1986 783 2024 tua.
880 1978 1037 2024 XXII
1107 1977 1211 2025 noli
1236 1977 1368 2026 enim
1393 1977 1668 2026 existimare
1692 1991 1795 2025 non

121 2074 355 2121 magnum
390 2058 657 2119 quemdam
693 2065 883 2105 motum
923 2057 1070 2106 fuisse
1112 2057 1241 2105 illius
1276 2057 1527 2120 petitionis
1563 2067 1691 2117 tuae,
1731 2057 1795 2105 de

120 2156 220 2202 qua
265 2156 329 2189 ne
363 2138 549 2201 aliquid
583 2138 765 2187 iurares
800 2138 1067 2188 destitisti?
1135 2140 1441 2188 denuntiasti
1481 2141 1636 2188 homo
1677 2139 1794 2187 adu—

58 2242 77 2262 2
121 2220 311 2269 lescens
349 2219 471 2282 quid
518 2219 582 2267 de
628 2234 820 2266 summa
865 2217 935 2267 rei
975 2219 1203 2282 publicae
1242 2219 1475 2280 sentires3
1523 2219 1692 2268 fortius
1739 2227 1792 2267 tu

121 2301 323 2365 quidem
364 2317 514 2363 quam
554 2317 657 2349 non
694 2300 816 2348 nulli
858 2301 1079 2350 defuncti
1120 2302 1405 2362 honoribus,
1444 2303 1534 2351 sed
1579 2299 1791 2364 apertius

121 2400 271 2447 quam
295 2384 373 2432 vel
396 2382 679 2431 ambitionis
703 2383 779 2430 vel
804 2382 978 2431 aetatis
1003 2392 1117 2432 tuae
1141 2383 1265 2432 ratio
1290 2383 1582 2446 postulabat.
1639 2397 1790 2444 quam
1815 2391 1875 2437 53

122 2466 188 2512 ob
212 2480 316 2513 rem
340 2462 392 2511 in
417 2460 737 2511 dissentiente
761 2463 947 2524 populo
972 2462 1073 2510 noli
1098 2472 1270 2526 putare
1296 2465 1457 2511 nullos
1482 2461 1645 2521 fuisse,
1672 2476 1792 2523 quo—

122 2562 229 2593 rum
270 2545 462 2593 animos
504 2553 615 2592 tuus
657 2542 739 2591 ille
778 2543 915 2592 fortis
956 2544 1147 2593 animus
1185 2545 1479 2593 offenderet:
1513 2542 1599 2604 qui
1635 2551 1683 2591 te
1719 2541 1791 2590 in-

80 2653 100 2672 0
124 2636 322 2676 cautum
359 2627 737 2688 fortassexnunc
778 2634 866 2673 tuo
907 2626 1019 2674 loco
1057 2626 1322 2674 demovere
1369 2632 1645 2688 potuerunt,
1683 2639 1791 2686 pro-

122 2706 373 2755 videntem
397 2713 562 2753 autem
587 2714 636 2752 et
655 2712 1032 2766 praecaventem
1056 2720 1328 2766 numquam
1354 2713 1484 2752 certe
1503 2705 1786 2752 movebunt.

223 2788 306 2836 An
339 2795 389 2834 te
412 2784 495 2832 illa
518 2791 806 2849 argumenta
829 2784 1107 2833 duxerunt?
1144 2783 1416 2832 ‘dubitatis'
1452 2783 1612 2846 inquit
1651 2781 1789 2846 ‘quin

124 2870 273 2923 coitio
318 2872 447 2920 facta
493 2869 570 2930 sit,
610 2885 722 2918 cum
770 2867 922 2918 tribus
969 2870 1227 2933 plerasque
1269 2886 1383 2917 cum
1422 2868 1584 2918 Plotio
1626 2867 1787 2920 tulerit
