2046 3112
275 159 339 206 34
708 143 783 190 M.
831 143 1058 191 TVLLI
1091 142 1498 192 CICERONIS
1592 139 1843 208 [XXXIII
1863 143 1922 190 82

269 250 535 300 amicitiam
576 267 739 300 meam
772 251 1012 314 voluptati
1046 250 1266 314 pluribus
1303 267 1451 314 quam
1486 250 1728 314 praesidio
1763 251 1926 311 fuisse,

270 346 450 394 meque
467 331 786 380 vehementer
802 330 931 379 vitae
955 347 1097 379 meae
1119 329 1406 393 paeniteret,
1424 329 1463 379 si
1487 330 1538 378 in
1561 347 1673 380 mea
1690 330 1928 380 familiari-

269 421 371 462 tate
394 414 532 461 locus
557 421 686 461 esset
710 411 897 461 nemini
921 411 1013 460 nisi
1037 411 1250 475 litigioso
1273 420 1356 460 aut
1381 411 1593 461 nocenti.
1594 421 1647 487 sp

181 495 245 542 83
371 494 598 540 XXXIV
667 492 765 540 Sed
794 493 917 540 haec
949 491 1118 541 nescio
1151 509 1251 555 quo
1283 493 1436 542 modo
1468 483 1748 556 frequenter
1769 490 1820 540 in
1849 509 1930 542 me

269 569 570 634 congessisti,
597 587 813 633 saneque
849 571 899 619 in
936 587 996 620 eo
1030 572 1198 620 creber
1230 571 1374 631 fuisti,
1401 581 1450 621 te
1485 571 1667 620 idcirco
1701 571 1752 620 in
1787 573 1931 620 ludos

269 669 469 701 causam
493 650 717 700 conicere
743 651 974 711 noluisse,
1000 668 1064 700 ne
1098 669 1190 715 ego
1221 669 1333 701 mea
1364 653 1722 702 consuetudine
1746 651 1933 716 aliquid

270 735 333 783 de
357 732 508 782 tensis
533 731 896 781 misericordiae
915 748 1063 780 causa
1079 732 1308 793 dicerem,
1332 733 1468 796 quod
1491 731 1542 781 in
1566 732 1669 781 aliis
1694 732 1931 782 aedilibus

268 821 383 861 ante
407 810 644 860 fecissem.
709 827 812 860 non
837 810 958 859 nihil
983 810 1123 874 egisti
1146 812 1244 859 hoc
1267 812 1380 861 loco
1394 830 1408 873 3
1434 829 1552 860 nam
1577 811 1697 859 mihi
1716 810 1932 874 eripuisti

269 899 611 941 ornamentum
639 890 870 940 orationis
894 907 1058 941 meae:
1089 891 1364 952 deridebor,
1383 891 1423 940 si
1445 891 1750 940 mentionem
1774 900 1932 941 tensa-

267 987 377 1019 rum
411 972 588 1030 fecero,
626 986 738 1018 cum
774 979 828 1019 tu
861 969 914 1019 id
948 970 1274 1034 praedixeris:
1309 971 1414 1020 sine
1438 971 1589 1038 tensis
1620 980 1786 1019 autem
1810 970 1930 1033 quid
1956 1003 1970 1022 1

267 1061 441 1115 potero
466 1052 659 1101 dicere?
726 1051 808 1101 hic
832 1052 981 1102 etiam
1005 1051 1240 1102 addidisti
1264 1069 1344 1101 me
1367 1052 1552 1102 idcirco
1583 1069 1696 1101 mea
1717 1054 1826 1115 lege
1850 1067 1930 1101 ex-

269 1130 377 1180 silio
418 1131 658 1180 ambitum
700 1132 932 1192 sanxisse,
971 1141 1025 1181 ut
1065 1132 1440 1182 miserabiliores
1479 1131 1698 1195 epilogos
1733 1147 1931 1194 possem

269 1212 446 1262 dicere.
508 1228 610 1261 non
624 1212 766 1262 vobis
784 1213 977 1262 videtur
1000 1230 1115 1262 cum
1139 1213 1306 1276 aliquo
1331 1215 1673 1274 declamatore,
1691 1231 1793 1262 non
1818 1230 1931 1262 cum

181 1299 246 1347 84
268 1293 447 1343 laboris
485 1302 534 1342 et
571 1293 662 1342 fori
701 1293 944 1357 discipulo
981 1294 1260 1357 disputare?
1349 1295 1540 1344 ‘Rhodi
1573 1294 1732 1344 enim’
1774 1294 1931 1358 inquit

271 1378 386 1437 ‘ego
411 1390 512 1422 non
537 1372 641 1422 fui:’
677 1391 758 1423 me
793 1376 897 1423 volt
921 1374 1082 1424 fuisse.
1131 1377 1240 1424 ‘sed
1264 1375 1358 1423 fui'
1383 1375 1844 1438 inquit—putabam
1879 1375 1929 1424 in
1956 1409 1969 1428 1

267 1454 507 1503 Vaccaeis
539 1454 952 1504 dicturum—‘bis
977 1454 1028 1503 in
1054 1455 1310 1519 Bithynia)
1379 1455 1418 1504 si
1442 1458 1582 1505 locus
1604 1457 1753 1505 habet
1776 1473 1932 1519 repre-

269 1534 522 1584 hensionis
558 1552 727 1584 ansam
764 1536 994 1598 aliquam,
1032 1537 1201 1585 nescio
1243 1553 1330 1585 cur
1366 1536 1657 1586 severiorem
1692 1537 1931 1585 Nicaeam

269 1624 412 1678 putes
449 1631 597 1677 quam
623 1616 886 1664 Rhodum:
923 1615 963 1664 si
999 1618 1268 1678 spectanda
1303 1633 1449 1665 causa
1485 1625 1571 1676 est,
1605 1626 1656 1666 et
1690 1625 1743 1666 tu
1769 1616 1820 1664 in
1856 1615 1932 1665 Bi-

269 1695 438 1760 thynia
463 1712 656 1744 summa
674 1712 789 1744 cum
810 1695 1045 1759 dignitate
1064 1696 1197 1745 fuisti
1221 1706 1270 1745 et
1293 1713 1386 1759 ego
1406 1697 1574 1746 Rhodi
1598 1713 1700 1746 non
1724 1696 1927 1747 minore.

271 1793 386 1824 nam
411 1776 546 1839 quod
571 1776 623 1824 in
647 1792 708 1825 eo
736 1793 817 1825 me
850 1776 1218 1839 reprehendisti,
1247 1779 1384 1839 quod
1415 1777 1620 1825 nimium
1645 1780 1826 1827 multos
1851 1779 1932 1828 de-

268 1858 536 1917 fenderem,
562 1857 753 1906 utinam
788 1866 836 1905 et
868 1866 935 1915 tu,
964 1857 1048 1918 qui
1078 1866 1236 1919 potes,
1263 1866 1312 1906 et
1348 1856 1510 1918 ceteri,
1536 1858 1620 1919 qui
1658 1857 1928 1920 defugiunt,

268 1940 453 1987 vellent
487 1954 568 1987 me
603 1938 770 1987 labore
795 1939 890 1986 hoc
924 1939 1115 1987 levare!
1185 1938 1274 1986 sed
1297 1939 1351 1986 fit
1373 1947 1533 1987 vestra
1557 1937 1820 2000 diligentia,
1847 1939 1932 2002 qui

271 2017 430 2066 causis
453 2017 789 2080 ponderandis
824 2017 985 2066 omnis
1008 2019 1108 2066 fere
1139 2018 1417 2080 repudiatis,
1444 2027 1499 2067 ut
1535 2019 1599 2066 ad
1631 2035 1721 2066 nos
1750 2021 1932 2081 plerae-

271 2115 367 2161 que
392 2100 656 2158 confluant,
684 2098 769 2160 qui
793 2098 979 2147 miseris
1012 2107 1062 2147 et
1093 2099 1425 2148 laborantibus
1457 2116 1635 2162 negare
1666 2098 1787 2147 nihil
1821 2117 1932 2163 pos-

182 2188 244 2235 85
271 2195 450 2227 sumus.
523 2178 824 2227 admonuisti
866 2178 1027 2239 etiam,
1068 2181 1206 2242 quod
1243 2179 1294 2228 in
1333 2182 1482 2230 Creta
1517 2180 1702 2239 fuisses,
1743 2179 1928 2229 dictum

268 2260 469 2322 aliquod
492 2257 543 2306 in
567 2259 857 2322 petitionem
882 2268 1018 2308 tuam
1048 2259 1146 2308 dici
1170 2260 1416 2323 potuisse:
1455 2277 1536 2309 me
1560 2260 1612 2309 id
1643 2260 1925 2322 perdidisse.

268 2350 378 2390 uter
400 2340 544 2404 igitur
567 2349 788 2389 nostrum
822 2349 894 2389 est
927 2340 1152 2403 cupidior
1175 2341 1321 2390 dicti?
1356 2358 1528 2405 egone,
1556 2341 1639 2404 qui
1672 2342 1807 2403 quod
1831 2342 1929 2391 dici

267 2421 427 2485 potuit
452 2437 553 2470 non
579 2421 794 2483 dixerim,
822 2438 888 2469 an
922 2431 989 2481 tu,
1017 2420 1102 2483 qui
1137 2422 1285 2470 etiam
1320 2420 1424 2485 ipse
1455 2421 1506 2469 in
1538 2430 1587 2469 te
1615 2421 1823 2470 dixeris?
1879 2431 1929 2470 te

269 2501 434 2550 aiebas
459 2503 521 2550 de
546 2501 641 2550 tuis
665 2502 810 2550 rebus
841 2477 989 2564 geistis
1015 2502 1171 2549 nullas
1202 2501 1386 2551 litteras
1418 2501 1620 2562 misisse,
1647 2502 1783 2564 quod
1807 2501 1927 2550 mihi

1979 603 1996 632 5

1954 1807 1995 1829 20

1953 2214 1992 2244 25

267 2596 422 2639 meae,
466 2597 586 2643 quas
633 2581 697 2629 ad
744 2565 958 2649 aliquam
1005 2580 1261 2642 misissem,
1307 2580 1606 2630 obfuissent:
1666 2595 1786 2642 quas
1834 2596 1926 2643 ego
1948 2615 1991 2646 30

267 2654 652 2709 mihi‘obfuisse
697 2675 800 2708 non
846 2659 1093 2723 intelleg0‚
1136 2660 1207 2710 rei
1246 2659 1474 2723 publicae
1512 2659 1659 2709 video
1693 2659 1927 2722 prodesse

266 2748 498 2803 potu1sse.
916 2744 918 2758 ¹

183 2824 244 2872 86
370 2822 566 2870 XXXV
635 2821 732 2870 Sed
767 2829 879 2870 sunt
914 2822 1039 2872 haec
1073 2820 1271 2885 leviora,
1312 2820 1396 2870 illa
1430 2837 1548 2871 vero
1581 2819 1744 2884 gravia
1778 2827 1927 2883 atque
