2046 3112
114 133 163 181 V
191 127 272 198 12]
425 129 576 180 PRO
628 128 736 178 CN.
773 125 1108 177 PLANCIO
1159 124 1440 176 ORATIO
1751 137 1778 187 5

114 241 327 307 primum
351 242 503 291 debes
522 249 710 304 putare,
729 236 954 298 comitiiS‚
974 235 1261 302 praesertim
1285 232 1538 294 aediliciis,
1564 231 1782 283 studium

115 340 224 374 esse
257 322 443 387 populi,
465 339 567 371 non
583 321 822 370 iudicium
833 338 847 381 3
876 319 1130 369 eblandita
1153 318 1250 378 illa,
1271 333 1373 366 non
1397 316 1656 365 enucleata
1674 330 1783 364 esse

114 403 360 466 suffragia;
408 419 510 463 eos,
547 401 633 465 qui
669 399 950 463 suffragium
992 401 1162 459 ferant,
1196 397 1316 461 quid
1353 394 1533 457 cuique
1572 393 1665 457 ipsi
1699 395 1784 443 de-

114 486 264 534 beant
305 482 616 534 considerare
654 482 849 545 saepius
885 497 1036 544 quarn
1069 479 1190 542 quid
1224 477 1403 540 cuique
1438 493 1468 525 a
1500 492 1552 524 re
1584 474 1786 538 publica

72 594 92 624 5
114 567 366 615 debeatur.
438 564 514 613 sin
538 572 704 613 autem
738 562 891 611 mavis
924 562 1046 610 illud
1078 577 1186 610 esse
1218 558 1468 618 iudicium,
1495 573 1598 606 non
1621 554 1710 604 tibi
1733 554 1785 603 id

112 645 496 696 rescindendum
528 654 616 705 est,
644 645 732 694 sed
763 643 1035 693 ferendum.
1110 641 1260 689 ‘male
1284 637 1519 687 iudicavit
1542 637 1784 699 populus.'
1811 641 1871 687 11

111 736 164 777 at
186 725 437 775 iudicavit.
513 730 636 774 ‘non
655 724 857 774 debuit.'
919 732 969 772 at
992 721 1171 787 potuit.
1234 724 1359 770 ‘non
1384 720 1516 767 fero?
1575 727 1626 767 at
1644 718 1788 767 multi

111 804 368 855 clarissimi
413 815 462 855 et
509 803 854 869 sapientissimi
901 803 1031 853 cives
1072 805 1300 852 tulerunt.
1374 809 1450 850 est
1491 797 1623 848 enirn
1663 801 1787 849 haec

112 887 345 938 condicio
369 888 636 937 liberorum
661 887 960 950 populorum
992 883 1359 948 praecipueque
1383 881 1527 930 huius
1551 879 1787 944 principis

51 997 92 1019 ιο
112 969 285 1034 populi
309 978 357 1018 et
377 969 600 1017 omnium
618 967 840 1031 gentium
857 965 1047 1015 domini
1062 975 1210 1028 atque
1228 963 1440 1024 victoris,
1456 979 1603 1026 posse
1623 963 1789 1010 suffra-

112 1050 202 1114 giis
217 1051 296 1099 vel
320 1051 437 1099 dare
452 1051 531 1098 vel
554 1049 813 1097 detrahere
831 1046 966 1110 quod
991 1045 1109 1094 velit
1133 1044 1336 1107 cuique:
1360 1052 1585 1092 nostrum
1610 1050 1683 1092 est
1700 1058 1785 1090 au-

113 1139 230 1192 tem,
245 1139 482 1189 nostrum,
502 1128 587 1191 qui
610 1127 662 1176 in
686 1129 781 1176 hac
799 1134 1094 1190 tempestate
1118 1125 1289 1188 populi
1313 1124 1551 1173 iactemur
1568 1131 1616 1172 et
1634 1121 1788 1171 flucti-

112 1214 218 1273 bus,
239 1214 362 1262 ferre
385 1211 583 1261 modice
602 1209 774 1273 populi
796 1211 1090 1268 voluntateS,
1117 1208 1330 1257 adlicere
1353 1207 1552 1268 alienas,
1578 1205 1787 1256 retinere

111 1303 289 1359 partas,
306 1296 501 1358 placare
525 1294 773 1354 turbatas3
797 1293 1012 1340 honores
1038 1289 1078 1338 si
1103 1289 1270 1352 magni
1293 1306 1397 1338 non
1421 1297 1665 1352 putemus,
1682 1304 1786 1337 non

51 1398 89 1429 ιε
111 1375 287 1426 servire
301 1376 489 1438 populo
499 1391 513 1434 3
538 1373 613 1423 sin
628 1390 714 1423 eos
731 1381 1030 1435 expetamus,
1053 1387 1156 1419 non
1173 1369 1427 1432 defetigari
1442 1369 1782 1432 supplicando.

211 1458 262 1506 V
324 1455 489 1505 Venio
514 1455 613 1504 iam
636 1455 700 1504 ad
724 1454 878 1517 ipsius
909 1452 1084 1516 populi
1114 1450 1279 1515 partis,
1307 1460 1361 1500 ut
1385 1450 1515 1499 illius
1539 1459 1713 1499 contra
1735 1460 1785 1499 te
1811 1459 1872 1507 12

112 1537 336 1588 oratione
371 1535 538 1600 potius
579 1551 731 1599 quam
769 1551 883 1583 mea
920 1533 1184 1596 disputem.
1271 1530 1358 1595 qui
1395 1530 1436 1580 si
1470 1540 1636 1580 tecum
1671 1547 1787 1580 con-

111 1619 358 1683 grediatur
389 1626 438 1666 et
463 1617 503 1665 si
526 1633 627 1664 una
654 1614 792 1678 loqui
814 1631 939 1664 voce
974 1614 1143 1678 possit,
1172 1615 1298 1663 haec
1330 1612 1488 1662 dicat:
1530 1615 1644 1676 ‘ego
1678 1612 1784 1675 tibi,

113 1697 407 1757 Laterensis,
430 1697 687 1746 Plancium
722 1713 826 1745 non
857 1695 1132 1759 anteposui,
1159 1695 1248 1744 sed
1272 1711 1387 1742 cum
1421 1693 1594 1743 essetis
1627 1710 1787 1757 aeque

49 1809 91 1831 20
111 1781 233 1831 boni
262 1780 366 1840 viri,
396 1796 566 1828 meum
597 1778 895 1827 beneficium
920 1779 986 1826 ad
1010 1794 1125 1827 eum
1148 1776 1315 1840 potius
1341 1776 1495 1826 detuli
1519 1774 1606 1839 qui
1639 1792 1671 1824 a
1704 1792 1787 1826 me

112 1863 450 1922 contenderat,
472 1877 621 1924 quam
640 1862 704 1910 ad
723 1877 838 1909 eum
863 1859 950 1923 qui
973 1860 1095 1908 mihi
1118 1876 1222 1908 non
1239 1858 1386 1908 nimis
1410 1859 1654 1908 submisse
1679 1875 1790 1922 sup·

111 1944 347 2008 plicarat.'
437 1943 777 2006 respondebis,
803 1944 968 2002 credo,
995 1952 1045 1992 te
1081 1944 1346 2006 splendore
1375 1951 1423 1991 et
1445 1950 1689 1992 vetustate
1723 1943 1789 1991 fa-

111 2025 279 2075 miliae
301 2026 481 2074 fretum
506 2040 609 2073 non
631 2025 777 2073 valde
800 2023 1122 2073 ambiendum
1145 2033 1360 2088 putasse.
1416 2033 1467 2073 at
1490 2040 1607 2074 vero
1632 2033 1681 2073 te
1705 2023 1788 2074 ille

111 2107 178 2156 ad
217 2121 308 2155 sua
346 2104 570 2154 instituta
609 2121 912 2168 suorumque
952 2104 1196 2154 maiorum
1242 2106 1468 2168 exempla
1505 2104 1788 2154 revocabit:

50 2217 91 2248 25
113 2203 309 2251 semper
342 2202 396 2236 se
431 2185 563 2235 dicet
596 2185 756 2249 rogari
789 2185 1017 2246 voluisse,
1044 2202 1241 2249 semper
1275 2186 1370 2235 sibi
1404 2185 1699 2250 supplicari:
1734 2201 1789 2234 se

112 2270 188 2318 M.
207 2267 388 2329 Seium,
407 2265 494 2330 qui
518 2283 581 2316 ne
606 2275 885 2329 equestrem
911 2267 1116 2330 quidem
1141 2269 1459 2331 splendorem
1484 2267 1789 2317 incolumem

111 2367 144 2401 a
164 2349 444 2400 calamitate
462 2348 631 2398 iudicii
654 2348 862 2398 retinere
885 2349 1140 2412 potuisset,
1161 2349 1352 2399 homini
1376 2349 1699 2411 nobilissimo,
1721 2350 1792 2398 in-

114 2431 486 2491 nocentissimo,
504 2430 927 2494 eloquentissimo,
949 2433 1021 2480 M.
1045 2431 1229 2492 Pisoni,
1250 2431 1538 2494 praetulisse
1548 2449 1563 2492 3
1587 2447 1790 2495 praepo-

114 2513 269 2563 suisse
293 2530 346 2563 se
372 2514 433 2576 Q.
453 2513 650 2572 Catu10,
676 2528 872 2561 summa
893 2512 946 2561 in
969 2512 1155 2562 familia
1182 2522 1317 2574 nato,
1345 2512 1707 2576 sapientissimo
1739 2522 1789 2561 et

50 2618 95 2652 30
115 2593 425 2643 sanctissimo
449 2592 570 2653 viro,
591 2608 695 2641 non
729 2591 844 2642 dico
880 2594 937 2643 C.
965 2595 1244 2652 Serranum,
1271 2592 1611 2642 stultissimum
1635 2590 1790 2641 homi-

115 2673 391 2725 nem—fuit
421 2673 555 2722 enim
583 2682 750 2722 tamen
786 2672 1048 2735 nobilis—-,
1073 2690 1178 2723 non
1211 2675 1267 2723 C.
1295 2674 1577 2734 Fimbriam,
1603 2689 1790 2723 novum

115 2755 528 2806 hominem—fuit
565 2754 700 2804 enirn
741 2763 790 2804 et
836 2755 988 2804 animi
1033 2757 1151 2805 satis
1197 2755 1364 2819 magni
1411 2764 1461 2806 et
1505 2753 1779 2817 consilii—,

117 2837 207 2886 sed
230 2835 321 2885 Cn.
344 2833 601 2897 Manlium,
628 2851 731 2885 non
763 2836 925 2885 solum
955 2834 1243 2899 ignobilem,
1265 2851 1438 2886 verum
1462 2835 1568 2886 sine
1590 2835 1783 2896 virtute,
