2046 3112
163 133 366 182 xxvu
402 130 536 200 §66]
870 135 1122 185 NOTES
1738 149 1822 198 151

184 282 187 286 .
243 245 275 283 1.
295 248 333 284 4.
389 254 527 282 unum
556 253 610 283 ex
637 246 701 284 eis
731 246 808 292 qui
836 246 894 283 ad
922 254 1063 290 aquas
1089 244 1330 294 venissent]
1366 245 1470 284 ‘one
1499 244 1545 283 of
1573 244 1642 284 the
1671 244 1832 296 regular

166 298 392 350 (ordinary)
414 299 576 338 visitors
606 305 648 338 to
678 299 746 339 the
777 299 898 338 baths
913 297 923 315 ’
946 298 1010 346 (of
1035 299 1230 348 Puteoli).
1289 300 1366 339 See
1386 311 1454 349 my
1474 304 1570 337 note
1590 305 1632 337 to
1652 299 1704 338 de
1724 299 1784 338 off
1799 308 1830 337 I.

164 354 186 400 §
210 365 286 404 109
305 352 333 391 l.
356 354 406 392 28
427 366 482 392 on
503 365 614 391 unus
640 353 688 391 de
715 353 873 391 mullis.
931 352 1015 391 For
1033 365 1165 404 aquae
1184 357 1193 374 ⁴
1212 352 1385 391 mineral
1404 352 1565 403 springs
1581 351 1589 366 ’
1613 353 1663 392 cf.
1689 365 1752 405 ep.
1778 353 1830 392 ad

164 406 264 445 fam.
298 416 382 445 XVI
415 419 478 453 24,
518 419 539 446 2
572 412 675 458 puto
704 412 927 458 utrumque
962 406 1021 444 ad
1051 419 1214 458 aquas.
1275 406 1368 445 The
1401 419 1532 458 aquae
1568 405 1700 445 Baiae
1727 419 1832 446 were

163 459 358 511 formerly
378 460 512 499 called
539 474 669 512 aquae
689 461 902 499 Cumanae
929 460 1038 509 (Liv.
1060 469 1140 499 XLI
1176 458 1235 509 16,
1263 459 1324 511 3):
1355 458 1407 499 cf.
1430 459 1592 499 Vitruv.
1615 460 1666 499 de
1686 460 1830 499 archit.

165 524 202 554 11
225 513 250 554 6
269 516 289 562 ἓ
311 528 332 554 2
355 515 419 554 ed.
446 515 588 555 Rose:
617 515 665 554 in
694 515 897 553 montibus
929 514 1214 553 Cumanorum
1243 514 1459 553 Baianis
1485 519 1585 552 sunt
1611 514 1694 552 loca
1714 515 1832 552 suda-

164 568 340 607 tionibus
365 573 571 617 excavata,
604 569 652 607 in
679 568 827 620 quibus
854 574 983 620 vapor
996 568 1191 620 fervidus
1218 568 1268 606 ab
1298 568 1380 607 imo
1399 581 1566 606 nascens
1587 568 1699 618 ignis
1725 568 1831 607 vehe-

166 623 318 662 mentia
343 622 527 674 perjfbrat
551 635 638 662 eam
657 628 810 662 terram
837 628 911 672 per
935 635 1100 673 eamque
1128 622 1338 661 manando
1366 622 1411 660 in
1440 621 1506 660 his
1532 622 1626 660 locis
1644 622 1781 660 oritur
1796 628 1833 660 el

163 676 221 715 ita
250 676 515 715 smhztionum
547 677 725 729 egregias
754 676 874 727 afficit
899 676 1107 715 utilitates.
1167 677 1246 716 See
1280 675 1417 715 Lewis
1443 676 1526 714 and
1557 675 1682 715 Short
1712 676 1827 715 Dz‘ct.

164 743 197 771 s.
219 744 260 770 v.
281 744 322 783 p.
352 732 426 783 148
446 743 486 770 a.

246 818 268 866 ἓ
298 822 378 865 88,
401 819 433 856 1.
462 821 500 857 δ.
559 819 680 857 haud
707 819 796 857 scio
824 817 899 866 an]
933 817 982 856 ‘1
1012 830 1078 856 am
1106 816 1289 856 inclined
1318 822 1361 856 to
1390 816 1522 865 think,
1530 815 1540 833 '
1577 816 1813 869 ‘probably,
1824 815 1833 832 ‘

166 871 342 923 Madvig
362 872 434 912 Gr.
453 874 587 922 §453.
648 871 713 911 Cf.
737 872 826 911 Cic.
848 873 901 910 de
920 872 988 911 off.
1014 881 1068 910 111
1091 872 1111 918 ἓ
1132 871 1203 910 61.
1228 884 1278 921 30
1305 871 1406 910 with
1434 885 1503 922 my
1530 877 1641 910 note.
1698 870 1834 910 There

166 927 201 966 is
228 939 253 965 a
285 934 383 965 note
416 926 458 965 in
490 926 559 964 the
593 924 732 965 Schol.
763 926 959 964 Ambros.
992 938 1047 964 on
1085 925 1166 964 this
1199 938 1399 986 passage.
1448 925 1552 964 ‘hoc
1589 925 1660 972 ait,
1703 925 1834 977 magis

166 980 340 1020 laetatus
373 993 463 1019 sum
497 979 706 1031 ignorasse
738 980 902 1025 multOS,
945 992 995 1018 ex
1032 991 1113 1030 qua
1151 978 1364 1030 provincia
1400 979 1598 1023 venirem,
1639 991 1764 1031 quam
1799 978 1834 1018 si

167 1033 349 1074 venienti
381 1033 483 1073 mihi
511 1034 822 1084 gratularentur.
886 1033 1163 1084 Perstringere
1191 1033 1302 1072 enim
1332 1032 1461 1072 voluit
1486 1032 1685 1072 invidiam
1703 1045 1833 1095 ...prae

167 1088 317 1133 sidum,
338 1088 410 1140 qui
437 1087 623 1139 spoliatis
652 1086 874 1149 provinciis
902 1093 1182 1135 revertantur;
1210 1099 1259 1125 ac
1287 1092 1506 1138 propterea
1533 1100 1603 1126 eos
1631 1086 1754 1126 amici
1772 1086 1834 1126 sui

167 1155 262 1182 cum
299 1141 573 1194 gratulatione
619 1141 855 1192 suscipiant,
909 1141 1020 1192 quod
1068 1141 1215 1180 divites
1260 1141 1499 1180 evenerint!
1567 1141 1835 1193 Whereupon

168 1197 355 1236 Wunder
383 1196 574 1235 observes
613 1195 701 1234 that
730 1195 802 1234 the
831 1194 1025 1234 scholiast
1057 1195 1132 1233 has
1165 1194 1317 1234 missed
1355 1195 1425 1234 the
1455 1195 1584 1246 point,
1623 1194 1745 1234 when
1782 1194 1835 1234 he

168 1250 317 1302 speaks
344 1249 393 1289 of
413 1262 544 1301 magis
561 1249 735 1287 laetatus
751 1262 857 1297 sum,
880 1249 962 1287 and
981 1248 1151 1288 himself
1165 1249 1435 1301 paraphrases
1456 1249 1578 1288 thus:
1614 1250 1698 1288 ‘set
1724 1249 1835 1301 quod

168 1305 333 1356 ignaros
361 1302 538 1355 cognovi
566 1303 754 1342 homines
785 1303 997 1342 Romanos
1025 1316 1180 1351 eorum,
1205 1316 1311 1354 quae
1340 1309 1530 1354 quaestor
1550 1316 1728 1354 egeram,
1748 1303 1836 1342 sine

168 1358 296 1398 dubio
315 1358 368 1397 ad
387 1357 720 1409 consequendam
741 1356 916 1408 gloriam
936 1363 976 1397 et
1005 1357 1181 1409 gratiam
1210 1357 1356 1409 populi
1384 1357 1437 1395 R.
1457 1356 1598 1396 utilius
1618 1357 1719 1395 mihi
1739 1357 1828 1404 fuit,

168 1425 294 1464 quam
324 1411 359 1452 si
389 1424 532 1450 omnes
562 1418 651 1450 tum
681 1411 783 1450 mihi
815 1411 1009 1462 gratulati
1047 1417 1195 1450 essent.
1253 1411 1365 1450 Nam
1396 1423 1447 1450 ex
1479 1424 1528 1450 ea
1561 1424 1605 1450 re
1636 1410 1834 1455 intellexi,

167 1466 369 1518 populum
386 1466 508 1505 Rom.
528 1478 612 1504 non
628 1465 849 1504 adtendere
868 1465 922 1503 ad
941 1478 1003 1511 ea,
1028 1477 1133 1516 quae
1152 1470 1266 1504 extra
1284 1465 1428 1503 urbem
1441 1471 1649 1515 gerantur,
1660 1464 1837 1515 ideoque

167 1520 259 1569 feci,
282 1526 328 1559 ut
356 1520 399 1558 in
427 1525 638 1590 posterum
666 1519 817 1558 cotidie
844 1524 1103 1572 praesentem
1132 1531 1198 1558 me
1227 1518 1385 1558 videret
1409 1531 1584 1571 meaque
1611 1519 1837 1571 praesentis

167 1575 319 1614 virtute
338 1571 566 1613 frueretur!

248 1657 278 1695 1.
322 1659 358 1695 7.
419 1657 737 1694 oculos-acris
774 1658 910 1702 atque
947 1654 1120 1703 acutos]
1166 1667 1259 1694 acer
1301 1654 1474 1694 denotes
1511 1654 1601 1693 that
1633 1653 1767 1693 which
1804 1653 1838 1693 is

170 1709 377 1760 naturally
395 1708 532 1760 sharp,
556 1715 701 1747 acutus
721 1709 810 1748 that
832 1708 967 1748 which
987 1709 1022 1748 is
1041 1722 1088 1748 so
1108 1710 1162 1760 by
1182 1707 1293 1755 skill,
1314 1708 1513 1748 exertion.

248 1794 355 1831 1.10.
405 1793 607 1830 habitavi
624 1794 673 1830 ln
692 1791 955 1840 oeuns]=in
974 1790 1140 1830 oculis
1158 1789 1348 1830 civium
1366 1790 1487 1838 vixi,
1512 1790 1565 1830 de
1585 1789 1653 1829 off.
1673 1791 1773 1838 111§
1797 1803 1831 1842 3,

174 1846 222 1885 ‘I
250 1845 363 1886 lived
389 1844 434 1884 in
461 1843 631 1898 public,’
650 1858 775 1884 never
802 1858 886 1884 was
913 1852 985 1884 out
1014 1845 1061 1884 of
1085 1845 1153 1884 the
1172 1844 1281 1895 sight
1301 1843 1349 1883 of
1372 1857 1480 1883 men.
1542 1845 1743 1896 N'agelsb.
1762 1844 1834 1885 lat.

172 1899 266 1940 Stil.
289 1901 311 1948 ᾖ
337 1912 413 1950 104
431 1912 473 1951 p.
499 1899 589 1949 285,
614 1912 752 1950 comp.
773 1912 833 1938 or.
857 1899 964 1939 Phil.
991 1909 1084 1938 XIII
1107 1911 1142 1949 3,
1167 1910 1188 1948 5
1210 1899 1258 1937 hi
1277 1898 1324 1938 in
1352 1898 1513 1937 oculis
1540 1898 1832 1946 haerebunt,

170 1964 242 1993 XII
266 1967 299 2002 1,
327 1965 349 1991 2
378 1966 555 2004 quorum
581 1953 629 1992 in
651 1954 774 1992 vultu
797 1953 1035 1992 habitant
1054 1953 1161 1992 oculi
1181 1953 1272 1992 mei.
1336 1952 1545 2004 Similarly
1573 1953 1686 1992 Brut.
1718 1955 1739 2001 ἓ
1761 1964 1836 2013 3o5

170 2008 219 2048 hi
244 2008 405 2060 quidem
433 2007 728 2046 habitabant
755 2007 804 2046 in
834 2008 986 2055 rostris,
1021 2007 1073 2046 de
1103 2020 1164 2046 or.
1196 2017 1212 2045 Ι
1248 2008 1270 2054 §
1304 2005 1382 2057 264
1410 2007 1485 2058 qui
1514 2006 1764 2045 habitaret
1792 2006 1838 2044 in

170 2061 538 2101 subselliis=nihil
572 2066 707 2112 ageret
740 2061 828 2101 nisi
861 2074 1004 2100 causas
1039 2061 1292 2108 iudiciarias,
1336 2066 1387 2099 ut
1422 2060 1511 2099 illic
1546 2061 1672 2100 sedem
1697 2060 1842 2112 fixisse

170 2117 379 2156 videretur
409 2115 620 2154 ‘haunted
650 2115 720 2155 the
743 2115 908 2163 courts,’
939 2128 1000 2154 or.
1027 2128 1068 2168 p.
1095 2116 1204 2154 Mur.
1234 2116 1256 2163 ς
1286 2126 1332 2154 21
1365 2128 1458 2154 cum
1486 2115 1552 2154 his
1578 2114 1655 2166 qui
1679 2115 1726 2153 in
1742 2118 1839 2166 soro

171 2169 480 2218 habitarint,
506 2176 605 2209 orat.
633 2170 655 2218 ἓ
676 2181 729 2220 49
748 2170 796 2209 in
815 2169 927 2208 bonis
943 2169 1123 2208 haerebit
1140 2174 1177 2208 et
1194 2168 1445 2208 habitabit
1461 2169 1563 2208 suis.

251 2252 395 2298 pressi
423 2249 584 2298 forum]
620 2250 632 2270 ‘
648 2250 669 2289 I
700 2249 942 2301 frequented
971 2250 1042 2289 the
1066 2249 1200 2289 forum
1229 2248 1493 2300 constantly,’
1522 2262 1648 2289 never
1672 2248 1745 2288 left
1770 2248 1840 2288 the

171 2304 318 2352 forum,
349 2303 440 2342 ‘ich
459 2304 532 2343 bin
558 2317 654 2343 vom
681 2304 847 2343 Markte
873 2303 989 2343 nicht
1014 2302 1352 2356 weggegangen,’
1372 2317 1416 2343 as
1442 2303 1644 2355 Nagelsb.
1674 2303 1840 2342 renders

172 2359 218 2406 it,
239 2358 308 2398 lat.
332 2357 426 2398 Stil.
446 2359 467 2405 §
492 2370 567 2409 104
586 2371 629 2410 p.
653 2359 744 2408 285.

251 2440 471 2478 nemmem
499 2448 529 2477 a.
560 2448 798 2486 congressu
825 2438 1239 2488 meo—absterruit]
1273 2437 1458 2478 ‘neither
1476 2451 1546 2490 my
1566 2437 1839 2490 door-keeper

173 2506 250 2533 nor
278 2493 393 2544 sleep
425 2492 615 2532 deterred
643 2505 724 2543 any
752 2505 831 2532 one
859 2493 964 2532 from
993 2493 1148 2545 having
1175 2507 1229 2532 an
1257 2492 1468 2532 interview
1495 2492 1596 2531 with
1622 2490 1715 2532 me.'
1773 2492 1837 2532 Cf.

175 2548 285 2588 Hor.
307 2546 391 2586 Od.
415 2555 471 2586 111
494 2558 558 2596 24,
585 2559 606 2586 2
613 2557 634 2595 3
653 2546 693 2585 si
703 2552 780 2597 per
796 2546 984 2586 invisum
1003 2560 1119 2586 mora
1139 2547 1253 2586 iani
1260 2553 1409 2585 torem
1417 2545 1505 2598 fiet,
1530 2546 1650 2586 abito.

252 2630 383 2668 1.11.
439 2630 595 2675 ecquld
627 2638 708 2676 ego
746 2629 906 2678 dicam]
954 2628 1084 2669 ‘shall
1122 2629 1144 2669 Ι
1176 2627 1350 2682 speak?’
1409 2628 1576 2680 Ecquid
1600 2628 1636 2668 is
1671 2642 1698 2668 a
1729 2641 1840 2668 mere

174 2680 465 2733 interrogative
484 2682 655 2733 particle
673 2681 785 2731 here,
810 2683 952 2723 Madv.
977 2683 1050 2723 Gr.
1071 2684 1187 2734 §451
1212 2684 1253 2722 b.
1273 2683 1364 2732 obs„
1386 2682 1539 2734 Zumpt
1560 2682 1632 2722 Gr.
1653 2683 1786 2734 5351.

253 2766 380 2804 1.12.
443 2765 667 2808 occupans
701 2764 992 2814 temporibus]
1044 2764 1171 2818 ‘busy
1208 2761 1358 2813 times,’
1393 2762 1541 2803 ‘hours
1578 2762 1626 2804 of
1657 2763 1840 2817 employ-

175 2816 318 2857 ment)
