2046 3112
70 994 109 1014 10

70 1395 108 1425 15

138 128 312 179 XXIV
336 125 423 195 58]
470 129 621 179 PRO
672 129 783 179 CN.
820 128 1153 179 PLANCIO
1206 129 1485 179 ORATIO
1743 147 1801 194 ²3

138 235 355 301 optimus
394 235 481 296 vir,
525 234 735 286 nimium
774 235 991 286 retinens
1038 236 1276 300 equestris
1313 235 1429 287 iuris
1476 246 1526 287 et
1570 237 1806 289 libertatis

136 318 356 369 videtur:
403 318 545 368 multi
585 318 736 369 etiarn
778 334 1069 368 communes
1107 317 1296 368 inimici
1331 335 1525 368 reorum
1566 320 1804 381 omnium,

135 399 218 464 qui
254 399 324 450 ita
363 416 557 463 semper
594 399 933 449 testimonium
972 401 1036 449 de
1082 399 1271 450 ambitu
1309 399 1492 458 dicunt,
1537 402 1676 464 quasi
1722 413 1807 452 aut

135 492 367 532 moveant
390 482 583 531 animos
607 481 826 532 iudicum
850 481 950 530 suis
975 481 1268 531 testimoniis
1292 492 1377 531 aut
1400 492 1591 545 gratum
1616 486 1804 548 populo

138 567 370 614 Romano
406 564 482 625 sit,
509 574 593 614 aut
624 566 688 614 ab
721 581 783 613 eo
814 564 1002 613 facilius
1035 567 1102 614 ob
1136 581 1246 614 earn
1282 581 1482 613 causam
1513 564 1803 629 dignitate-m

133 663 284 710 quam
323 649 498 697 volunt
538 657 916 710 consequantur.
980 646 1274 709 quibuscum
1311 663 1407 706 me,
1449 646 1649 708 iudices,
1688 664 1804 712 pug-
1830 652 1890 699 56

134 736 337 775 nantem
373 742 511 776 more
558 743 672 776 meo
713 725 919 789 pristino
958 742 1061 775 non
1096 725 1356 775 videbitis:
1405 742 1507 775 non
1547 743 1647 790 quo
1683 727 1803 777 mihi

132 808 205 856 fas
237 806 300 856 sit
335 807 601 871 quicquam
634 808 865 871 defugere
900 808 1038 870 quod
1073 809 1204 856 salus
1242 808 1429 857 Plancii
1453 810 1688 872 postulet,
1714 811 1802 858 sed

132 886 246 951 quia
287 905 448 952 neque
494 905 697 937 necesse
739 897 812 937 est
858 905 939 937 me
980 888 1031 937 id
1073 888 1301 951 persequi
1345 906 1484 947 voce,
1529 890 1667 952 quod
1714 906 1802 938 vos

132 978 302 1017 mente
325 967 544 1029 videatis,
575 978 624 1017 et
657 969 793 1031 quod
825 968 895 1017 ita
926 970 992 1017 de
1020 985 1101 1018 me
1132 968 1291 1017 rneriti
1315 978 1429 1018 sunt
1451 968 1520 1017 illi
1543 968 1650 1032 ipsi,
1677 986 1801 1032 quos

133 1065 226 1111 ego
258 1048 395 1097 testis
419 1049 567 1097 video
602 1058 813 1111 paratOS,
841 1057 896 1095 ut
925 1063 1098 1096 eorum
1130 1047 1566 1110 reprehensionem
1591 1065 1678 1098 vos
1701 1065 1805 1098 ves-

132 1140 235 1179 trae
274 1129 567 1193 prudentiae
607 1131 883 1188 adsumere,
926 1146 1068 1178 meae
1109 1130 1383 1179 modestiae
1430 1131 1677 1180 remittere
1723 1133 1804 1181 de-

134 1210 300 1260 beatis.
370 1210 491 1259 illud
530 1227 684 1259 unum
718 1226 807 1259 vos
847 1227 1030 1273 magno
1070 1227 1221 1273 opere
1257 1227 1343 1260 oro
1391 1222 1540 1275 atque
1579 1214 1801 1273 obsecro,

131 1290 331 1350 iudices,
366 1307 480 1340 cum
512 1290 669 1350 huius,
697 1307 846 1353 quem
884 1291 1117 1349 defendo,
1143 1300 1250 1339 tum
1286 1290 1565 1340 communis
1600 1293 1803 1356 periculi

130 1387 292 1432 causa,
335 1389 399 1422 ne
440 1371 564 1421 fictis
606 1370 956 1430 auditionibus,
1000 1387 1065 1420 ne
1113 1371 1436 1421 disseminato
1483 1372 1802 1437 dispersoque

58 1474 62 1478 “
130 1454 344 1505 sermoni
389 1456 608 1503 fortunas
655 1451 996 1502 innocentium
1039 1452 1352 1503 subiciendas
1390 1455 1584 1518 putetis.
1661 1455 1804 1504 multi
1829 1458 1889 1506 57

67 1811 108 1832 20

67 2218 106 2248 25

129 1538 275 1587 amici
310 1535 620 1594 accusatoris,
647 1552 751 1584 non
782 1534 903 1583 nulli
936 1534 1085 1583 etiam
1118 1535 1272 1585 nostri
1304 1535 1474 1599 iniqui,
1501 1536 1642 1586 multi
1673 1554 1804 1586 com-

130 1637 305 1670 munes
342 1620 695 1669 obtrectatores
737 1626 887 1681 atque
922 1617 1147 1666 omnium
1178 1616 1332 1667 invidi
1364 1620 1519 1667 multa
1542 1620 1800 1668 fi'nxerunt.

129 1700 251 1749 nihil
274 1709 348 1749 est
371 1708 539 1748 autem
564 1708 667 1747 tam
691 1699 890 1746 volucre
915 1714 1066 1761 quam
1091 1697 1436 1748 maledictum:
1470 1698 1590 1747 nihil
1613 1699 1802 1748 facilius

131 1783 380 1841 emittitur,
406 1782 526 1830 nihil
550 1780 690 1830 citius
717 1779 968 1844 excipitur,
1000 1779 1145 1829 latius
1170 1780 1446 1844 dissipatur.
1507 1798 1670 1844 neque
1695 1799 1799 1845 ego,

130 1865 170 1914 si
201 1867 392 1915 fontem
424 1862 675 1912 maledicti
706 1861 971 1925 reperietis,
998 1871 1053 1911 ut
1085 1863 1355 1925 neglegatis
1379 1873 1463 1911 aut
1488 1863 1803 1912 dissimuletis

130 1963 366 2010 umquam
391 1946 656 2008 postulabo
676 1963 686 1993 :
712 1944 801 1992 sed
826 1943 868 1992 si
887 1944 1008 2007 quid
1027 1943 1134 1993 sine
1152 1944 1316 2008 capite
1334 1945 1556 1994 manabit
1580 1955 1665 1994 aut
1684 1946 1801 2008 quid

129 2027 220 2077 erit
239 2026 342 2076 eius
363 2025 499 2075 modi
520 2035 575 2074 ut
600 2041 702 2073 non
727 2034 885 2074 exstet
910 2035 1092 2084 auctor,
1113 2024 1199 2088 qui
1214 2025 1424 2075 audierit
1448 2037 1614 2076 autem
1635 2039 1718 2076 aut
1737 2027 1804 2076 ita

129 2111 395 2173 neglegens
419 2108 561 2156 vobis
586 2123 694 2156 esse
718 2107 976 2168 videbitur,
1013 2119 1067 2158 ut
1096 2110 1231 2158 unde
1266 2109 1475 2159 audierit
1507 2111 1690 2159 oblitus
1727 2110 1800 2169 sit,

129 2200 213 2240 aut
249 2189 320 2238 ita
355 2190 518 2238 levem
554 2187 758 2238 habebit
792 2200 1061 2247 auctorem,
1099 2200 1154 2239 ut
1189 2191 1428 2240 memoria
1462 2190 1665 2255 dignum
1701 2209 1799 2242 non

128 2271 324 2335 putarit,
350 2270 493 2319 huius
517 2271 600 2318 illa
621 2286 718 2320 vox
738 2269 946 2333 volgaris
968 2271 1155 2320 ‘audivi
1173 2273 1184 2294 ’
1209 2287 1272 2320 ne
1297 2271 1418 2335 quid
1442 2272 1696 2323 innocenti
1718 2290 1802 2322 reo

128 2363 319 2411 noceat,
347 2369 558 2402 oramus.

228 2435 404 2482 XXIV
473 2434 572 2483 Sed
589 2431 736 2482 venio
759 2432 858 2482 iam
881 2433 946 2482 ad
970 2435 1026 2482 L.
1047 2435 1291 2494 Cassium,
1306 2435 1595 2484 familiarem
1619 2453 1800 2496 meum,
1827 2443 1887 2489 58

128 2517 264 2567 cuius
289 2533 348 2566 ex
370 2514 593 2565 oratione
617 2531 682 2563 ne
703 2513 841 2562 illum
861 2513 1062 2576 quidem
1084 2514 1366 2564 Iuventium
1385 2526 1548 2565 tecum
1574 2526 1800 2579 expostu-

69 2622 110 2652 30
131 2595 239 2657 lavi,
266 2613 415 2660 quern
438 2596 522 2644 ille
547 2595 684 2644 omni
709 2604 758 2644 et
790 2594 1098 2644 humanitate
1132 2604 1181 2644 et
1204 2594 1384 2645 virtute
1417 2605 1615 2644 ornatus
1639 2597 1804 2645 adule-

132 2694 273 2727 scens
305 2677 515 2741 primum
540 2677 605 2725 de
629 2677 778 2739 plebe
809 2675 1021 2725 aedilem
1055 2677 1271 2725 curulem
1305 2678 1489 2726 factum
1522 2694 1629 2726 esse
1661 2677 1796 2726 dixit.

134 2759 184 2806 in
219 2775 332 2821 quo,
360 2757 515 2817 Cassi,
542 2757 583 2806 si
617 2756 706 2806 tibi
741 2756 812 2805 ita
845 2757 1186 2819 respondeam,
1226 2756 1440 2805 nescisse
1474 2757 1525 2805 id
1561 2759 1799 2820 populum

136 2841 433 2898 Romanum,
469 2852 632 2900 neque
667 2835 815 2884 fuisse
853 2835 939 2898 qui
976 2835 1028 2884 id
1070 2835 1215 2885 nobis
1250 2844 1476 2894 narraret,
1515 2835 1797 2897 praesertim
