<?xml version="1.0" encoding="UTF-8"?>
<!DOCTYPE html PUBLIC "-//W3C//DTD XHTML 1.0 Transitional//EN"
    "http://www.w3.org/TR/xhtml1/DTD/xhtml1-transitional.dtd">
<html xmlns="http://www.w3.org/1999/xhtml" xml:lang="en" lang="en">
 <head>
  <title>
</title>
<meta http-equiv="Content-Type" content="text/html;charset=utf-8" />
  <meta name='ocr-system' content='tesseract 3.04.00' />
  <meta name='ocr-capabilities' content='ocr_page ocr_carea ocr_par ocr_line ocrx_word'/>
</head>
<body>
  <div class='ocr_page' id='page_1' title='image "./proplanciolatin100ciceuoft/proplanciolatin100ciceuoft_0250.png"; bbox 0 0 2046 3112; ppageno 0'>
   <div class='ocr_carea' id='block_1_1' title="bbox 255 72 1914 167">
    <p class='ocr_par' dir='ltr' id='par_1_1' title="bbox 255 72 1914 167">
     <span class='ocr_line' id='line_1_1' title="bbox 255 72 1914 167; baseline -0.002 -15"><span class='ocrx_word' id='word_1_1' title='bbox 255 105 345 152; x_wconf 78' lang='lat'><strong>182</strong></span> <span class='ocrx_word' id='word_1_2' title='bbox 741 102 894 151; x_wconf 81' lang='lat' dir='ltr'><strong>PRO</strong></span> <span class='ocrx_word' id='word_1_3' title='bbox 941 97 1053 151; x_wconf 78' lang='lat' dir='ltr'><strong>CN.</strong></span> <span class='ocrx_word' id='word_1_4' title='bbox 1094 99 1429 150; x_wconf 82' lang='lat' dir='ltr'><em>PLANCIO</em></span> <span class='ocrx_word' id='word_1_5' title='bbox 1477 72 1705 167; x_wconf 83' lang='lat' dir='ltr'><strong>&#39;[xxxv</strong></span> <span class='ocrx_word' id='word_1_6' title='bbox 1736 100 1914 164; x_wconf 80' lang='lat'><strong>§86—</strong></span> 
     </span>
    </p>
   </div>
   <div class='ocr_carea' id='block_1_2' title="bbox 238 205 1918 678">
    <p class='ocr_par' dir='ltr' id='par_1_2' title="bbox 238 205 1918 678">
     <span class='ocr_line' id='line_1_2' title="bbox 250 205 1911 260; baseline -0.001 -12"><span class='ocrx_word' id='word_1_7' title='bbox 250 209 304 260; x_wconf 85' lang='lat' dir='ltr'><strong>Q.</strong></span> <span class='ocrx_word' id='word_1_8' title='bbox 319 207 541 260; x_wconf 88' lang='lat' dir='ltr'><strong>Pompeius</strong></span> <span class='ocrx_word' id='word_1_9' title='bbox 560 207 704 256; x_wconf 87' lang='lat' dir='ltr'><strong>Rufus,</strong></span> <span class='ocrx_word' id='word_1_10' title='bbox 723 207 766 247; x_wconf 87' lang='lat' dir='ltr'><strong>in</strong></span> <span class='ocrx_word' id='word_1_11' title='bbox 787 214 878 247; x_wconf 84' lang='lat' dir='ltr'><strong>13.c.</strong></span> <span class='ocrx_word' id='word_1_12' title='bbox 898 205 966 246; x_wconf 84' lang='lat'><strong>62.</strong></span> <span class='ocrx_word' id='word_1_13' title='bbox 1015 205 1080 246; x_wconf 85' lang='lat' dir='ltr'><strong>Cf.</strong></span> <span class='ocrx_word' id='word_1_14' title='bbox 1101 219 1165 258; x_wconf 92' lang='lat' dir='ltr'><strong>ep.</strong></span> <span class='ocrx_word' id='word_1_15' title='bbox 1183 206 1236 245; x_wconf 89' lang='lat' dir='ltr'><strong>ad</strong></span> <span class='ocrx_word' id='word_1_16' title='bbox 1252 205 1348 245; x_wconf 87' lang='lat' dir='ltr'><strong>fam.</strong></span> <span class='ocrx_word' id='word_1_17' title='bbox 1370 215 1387 245; x_wconf 92' lang='lat'>1</span> <span class='ocrx_word' id='word_1_18' title='bbox 1408 216 1434 258; x_wconf 93' lang='lat'><strong>9</strong></span> <span class='ocrx_word' id='word_1_19' title='bbox 1453 207 1474 254; x_wconf 67' lang='grc' dir='ltr'><strong>ἓ</strong></span> <span class='ocrx_word' id='word_1_20' title='bbox 1496 215 1542 256; x_wconf 85' lang='grc'><strong>15</strong></span> <span class='ocrx_word' id='word_1_21' title='bbox 1563 206 1638 246; x_wconf 90' lang='lat' dir='ltr'><em>illa</em></span> <span class='ocrx_word' id='word_1_22' title='bbox 1645 206 1796 259; x_wconf 89' lang='lat' dir='ltr'><em>furia</em></span> <span class='ocrx_word' id='word_1_23' title='bbox 1823 219 1911 246; x_wconf 87' lang='lat' dir='ltr'><em>mu-</em></span> 
     </span>
     <span class='ocr_line' id='line_1_3' title="bbox 248 260 1915 314; baseline -0.002 -12"><span class='ocrx_word' id='word_1_24' title='bbox 248 263 436 302; x_wconf 88' lang='lat' dir='ltr'><em>liebrium</em></span> <span class='ocrx_word' id='word_1_25' title='bbox 456 262 714 314; x_wconf 77' lang='lat' dir='ltr'><em>religionum,</em></span> <span class='ocrx_word' id='word_1_26' title='bbox 729 262 781 300; x_wconf 86' lang='lat' dir='ltr'><strong>ad</strong></span> <span class='ocrx_word' id='word_1_27' title='bbox 803 261 932 300; x_wconf 89' lang='lat' dir='ltr'><strong>Att.1</strong></span> <span class='ocrx_word' id='word_1_28' title='bbox 959 273 1004 300; x_wconf 87' lang='grc'><strong>12</strong></span> <span class='ocrx_word' id='word_1_29' title='bbox 1025 262 1083 309; x_wconf 75' lang='lat'><strong>§3</strong></span> <span class='ocrx_word' id='word_1_30' title='bbox 1104 262 1155 300; x_wconf 82' lang='lat' dir='ltr'><strong>P.</strong></span> <span class='ocrx_word' id='word_1_31' title='bbox 1179 260 1420 307; x_wconf 89' lang='lat' dir='ltr'><strong>Clodium,</strong></span> <span class='ocrx_word' id='word_1_32' title='bbox 1444 261 1560 311; x_wconf 80' lang='lat' dir='ltr'><em>Appi</em></span> <span class='ocrx_word' id='word_1_33' title='bbox 1569 261 1727 312; x_wconf 87' lang='lat' dir='ltr'><em>filium,</em></span> <span class='ocrx_word' id='word_1_34' title='bbox 1749 261 1860 300; x_wconf 90' lang='lat' dir='ltr'><strong>credo</strong></span> <span class='ocrx_word' id='word_1_35' title='bbox 1877 266 1915 300; x_wconf 92' lang='lat' dir='ltr'><em>te</em></span> 
     </span>
     <span class='ocr_line' id='line_1_4' title="bbox 249 314 1914 366; baseline -0.002 -11"><span class='ocrx_word' id='word_1_36' title='bbox 249 317 407 356; x_wconf 85' lang='lat' dir='ltr'><em>audisse</em></span> <span class='ocrx_word' id='word_1_37' title='bbox 442 329 535 355; x_wconf 84' lang='lat' dir='ltr'><strong>cum</strong></span> <span class='ocrx_word' id='word_1_38' title='bbox 571 321 673 354; x_wconf 86' lang='lat' dir='ltr'><em>veste</em></span> <span class='ocrx_word' id='word_1_39' title='bbox 708 315 898 354; x_wconf 82' lang='lat' dir='ltr'><em>muliebri</em></span> <span class='ocrx_word' id='word_1_40' title='bbox 931 315 1214 365; x_wconf 79' lang='lat' dir='ltr'><em>deprehensum</em></span> <span class='ocrx_word' id='word_1_41' title='bbox 1252 314 1362 353; x_wconf 88' lang='lat' dir='ltr'><em>domi</em></span> <span class='ocrx_word' id='word_1_42' title='bbox 1401 315 1448 353; x_wconf 87' lang='lat' dir='ltr'><strong>C.</strong></span> <span class='ocrx_word' id='word_1_43' title='bbox 1482 314 1676 362; x_wconf 84' lang='lat' dir='ltr'><em>Caesaris,</em></span> <span class='ocrx_word' id='word_1_44' title='bbox 1714 327 1806 353; x_wconf 90' lang='lat' dir='ltr'><strong>cum</strong></span> <span class='ocrx_word' id='word_1_45' title='bbox 1834 321 1914 366; x_wconf 79' lang='lat' dir='ltr'><strong>pro</strong></span> 
     </span>
     <span class='ocr_line' id='line_1_5' title="bbox 242 365 1913 423; baseline -0.002 -13"><span class='ocrx_word' id='word_1_46' title='bbox 242 370 393 423; x_wconf 77' lang='lat' dir='ltr'><strong>populo</strong></span> <span class='ocrx_word' id='word_1_47' title='bbox 408 370 529 420; x_wconf 87' lang='lat' dir='ltr'><em>fieret</em></span> <span class='ocrx_word' id='word_1_48' title='bbox 555 368 586 421; x_wconf 79' lang='lat'><strong>(⁶</strong></span> <span class='ocrx_word' id='word_1_49' title='bbox 594 370 714 408; x_wconf 90' lang='lat' dir='ltr'><strong>when</strong></span> <span class='ocrx_word' id='word_1_50' title='bbox 743 369 926 408; x_wconf 84' lang='lat' dir='ltr'><strong>sacrifice</strong></span> <span class='ocrx_word' id='word_1_51' title='bbox 945 381 1029 407; x_wconf 88' lang='lat' dir='ltr'><strong>was</strong></span> <span class='ocrx_word' id='word_1_52' title='bbox 1056 368 1183 420; x_wconf 87' lang='lat' dir='ltr'><strong>being</strong></span> <span class='ocrx_word' id='word_1_53' title='bbox 1210 368 1360 406; x_wconf 83' lang='lat' dir='ltr'><strong>offered</strong></span> <span class='ocrx_word' id='word_1_54' title='bbox 1371 365 1423 419; x_wconf 86' lang='grc'><strong>’);</strong></span> <span class='ocrx_word' id='word_1_55' title='bbox 1453 381 1540 407; x_wconf 87' lang='lat' dir='ltr'><strong>rem</strong></span> <span class='ocrx_word' id='word_1_56' title='bbox 1566 382 1644 407; x_wconf 91' lang='lat' dir='ltr'><strong>esse</strong></span> <span class='ocrx_word' id='word_1_57' title='bbox 1667 368 1827 420; x_wconf 79' lang='lat' dir='ltr'><em>insigni</em></span> <span class='ocrx_word' id='word_1_58' title='bbox 1849 368 1913 407; x_wconf 89' lang='lat' dir='ltr'><strong>i-n</strong></span> 
     </span>
     <span class='ocr_line' id='line_1_6' title="bbox 238 421 1910 477; baseline -0.002 -14"><span class='ocrx_word' id='word_1_59' title='bbox 238 424 396 477; x_wconf 84' lang='lat' dir='ltr'><em>samia,</em></span> <span class='ocrx_word' id='word_1_60' title='bbox 415 424 472 463; x_wconf 90' lang='lat' dir='ltr'><strong>ib.</strong></span> <span class='ocrx_word' id='word_1_61' title='bbox 493 425 630 474; x_wconf 81' lang='lat'><strong>13§3‚</strong></span> <span class='ocrx_word' id='word_1_62' title='bbox 656 424 740 474; x_wconf 65' lang='lat'><strong>145</strong></span> <span class='ocrx_word' id='word_1_63' title='bbox 761 436 792 471; x_wconf 89' lang='lat'><strong>1,</strong></span> <span class='ocrx_word' id='word_1_64' title='bbox 819 435 879 461; x_wconf 88' lang='lat' dir='ltr'><strong>or.</strong></span> <span class='ocrx_word' id='word_1_65' title='bbox 905 422 948 460; x_wconf 91' lang='lat' dir='ltr'><strong>in</strong></span> <span class='ocrx_word' id='word_1_66' title='bbox 970 422 1049 460; x_wconf 90' lang='lat' dir='ltr'><strong>Pis.</strong></span> <span class='ocrx_word' id='word_1_67' title='bbox 1074 423 1176 473; x_wconf 62' lang='lat'>595,</span> <span class='ocrx_word' id='word_1_68' title='bbox 1196 422 1248 460; x_wconf 93' lang='lat' dir='ltr'><strong>de</strong></span> <span class='ocrx_word' id='word_1_69' title='bbox 1266 421 1432 472; x_wconf 88' lang='lat' dir='ltr'><strong>harusp.</strong></span> <span class='ocrx_word' id='word_1_70' title='bbox 1453 434 1560 473; x_wconf 86' lang='lat' dir='ltr'><strong>resp.</strong></span> <span class='ocrx_word' id='word_1_71' title='bbox 1582 435 1616 461; x_wconf 92' lang='lat' dir='ltr'><strong>c.</strong></span> <span class='ocrx_word' id='word_1_72' title='bbox 1634 432 1736 461; x_wconf 78' lang='lat' dir='ltr'>XVII</span> <span class='ocrx_word' id='word_1_73' title='bbox 1757 435 1832 473; x_wconf 91' lang='lat' dir='ltr'><strong>sq.‚</strong></span> <span class='ocrx_word' id='word_1_74' title='bbox 1850 434 1910 461; x_wconf 91' lang='lat' dir='ltr'><strong>or.</strong></span> 
     </span>
     <span class='ocr_line' id='line_1_7' title="bbox 251 475 1914 539; baseline -0.002 -22"><span class='ocrx_word' id='word_1_75' title='bbox 251 478 302 517; x_wconf 90' lang='lat' dir='ltr'><strong>de</strong></span> <span class='ocrx_word' id='word_1_76' title='bbox 321 491 435 539; x_wconf 87' lang='lat' dir='ltr'><strong>prov.</strong></span> <span class='ocrx_word' id='word_1_77' title='bbox 462 490 572 516; x_wconf 92' lang='lat' dir='ltr'><strong>cons.</strong></span> <span class='ocrx_word' id='word_1_78' title='bbox 597 479 618 524; x_wconf 66' lang='grc' dir='ltr'>ἓ</span> <span class='ocrx_word' id='word_1_79' title='bbox 640 488 690 526; x_wconf 81' lang='lat'><strong>24</strong></span> <span class='ocrx_word' id='word_1_80' title='bbox 718 476 828 528; x_wconf 83' lang='lat' dir='ltr'><em>quod</em></span> <span class='ocrx_word' id='word_1_81' title='bbox 842 476 949 515; x_wconf 74' lang='lat' dir='ltr'><em>mihi</em></span> <span class='ocrx_word' id='word_1_82' title='bbox 971 476 1112 514; x_wconf 89' lang='lat' dir='ltr'><em>odium</em></span> <span class='ocrx_word' id='word_1_83' title='bbox 1132 489 1223 514; x_wconf 86' lang='lat' dir='ltr'><strong>cum</strong></span> <span class='ocrx_word' id='word_1_84' title='bbox 1250 476 1301 514; x_wconf 85' lang='lat' dir='ltr'><strong>P.</strong></span> <span class='ocrx_word' id='word_1_85' title='bbox 1329 475 1466 514; x_wconf 76' lang='lat' dir='ltr'><em>Clodio</em></span> <span class='ocrx_word' id='word_1_86' title='bbox 1471 475 1579 527; x_wconf 89' lang='lat' dir='ltr'><em>fuzt</em></span> <span class='ocrx_word' id='word_1_87' title='bbox 1603 475 1687 514; x_wconf 90' lang='lat' dir='ltr'><em>nisi</em></span> <span class='ocrx_word' id='word_1_88' title='bbox 1705 476 1815 527; x_wconf 85' lang='lat' dir='ltr'><strong>quod</strong></span> <span class='ocrx_word' id='word_1_89' title='bbox 1821 482 1914 527; x_wconf 83' lang='lat' dir='ltr'><strong>per</strong></span> 
     </span>
     <span class='ocr_line' id='line_1_8' title="bbox 250 528 1916 582; baseline -0.002 -12"><span class='ocrx_word' id='word_1_90' title='bbox 250 532 450 570; x_wconf 86' lang='lat' dir='ltr'><em>niciosum</em></span> <span class='ocrx_word' id='word_1_91' title='bbox 475 531 638 582; x_wconf 80' lang='lat' dir='ltr'><strong>patriae</strong></span> <span class='ocrx_word' id='word_1_92' title='bbox 663 543 786 569; x_wconf 74' lang='lat' dir='ltr'><em>civem</em></span> <span class='ocrx_word' id='word_1_93' title='bbox 801 530 898 582; x_wconf 85' lang='lat' dir='ltr'><strong>sore</strong></span> <span class='ocrx_word' id='word_1_94' title='bbox 917 530 1131 580; x_wconf 74' lang='lat' dir='ltr'><em>putabam,</em></span> <span class='ocrx_word' id='word_1_95' title='bbox 1163 528 1238 581; x_wconf 84' lang='lat' dir='ltr'><strong>qui</strong></span> <span class='ocrx_word' id='word_1_96' title='bbox 1261 529 1506 579; x_wconf 77' lang='lat' dir='ltr'><em>turpissima</em></span> <span class='ocrx_word' id='word_1_97' title='bbox 1537 529 1703 568; x_wconf 81' lang='lat' dir='ltr'><em>libidine</em></span> <span class='ocrx_word' id='word_1_98' title='bbox 1730 542 1916 568; x_wconf 72' lang='lat' dir='ltr'><em>incensus</em></span> 
     </span>
     <span class='ocr_line' id='line_1_9' title="bbox 250 583 1918 635; baseline -0.001 -12"><span class='ocrx_word' id='word_1_99' title='bbox 250 586 355 624; x_wconf 85' lang='lat' dir='ltr'><strong>duas</strong></span> <span class='ocrx_word' id='word_1_100' title='bbox 409 598 473 624; x_wconf 91' lang='lat' dir='ltr'><strong>res</strong></span> <span class='ocrx_word' id='word_1_101' title='bbox 524 584 813 633; x_wconf 73' lang='lat' dir='ltr'><em>sanctissimas,</em></span> <span class='ocrx_word' id='word_1_102' title='bbox 865 583 1154 635; x_wconf 82' lang='lat' dir='ltr'><em>religionem</em></span> <span class='ocrx_word' id='word_1_103' title='bbox 1199 587 1244 622; x_wconf 87' lang='lat' dir='ltr'><em>et</em></span> <span class='ocrx_word' id='word_1_104' title='bbox 1285 583 1602 635; x_wconf 80' lang='lat' dir='ltr'><em>pudicitiam,</em></span> <span class='ocrx_word' id='word_1_105' title='bbox 1653 596 1736 622; x_wconf 86' lang='lat' dir='ltr'><strong>uno</strong></span> <span class='ocrx_word' id='word_1_106' title='bbox 1779 584 1918 622; x_wconf 83' lang='lat' dir='ltr'><strong>scelere</strong></span> 
     </span>
     <span class='ocr_line' id='line_1_10' title="bbox 250 639 448 678; baseline -0.005 0"><span class='ocrx_word' id='word_1_107' title='bbox 250 639 448 678; x_wconf 86' lang='lat' dir='ltr'><em>violasset.</em></span> 
     </span>
    </p>
   </div>
   <div class='ocr_carea' id='block_1_3' title="bbox 331 718 889 770">
    <p class='ocr_par' dir='ltr' id='par_1_3' title="bbox 331 718 889 770">
     <span class='ocr_line' id='line_1_11' title="bbox 331 718 889 770; baseline 0 -11"><span class='ocrx_word' id='word_1_108' title='bbox 331 718 564 768; x_wconf 78' lang='lat' dir='ltr'><strong>altaribus]</strong></span> <span class='ocrx_word' id='word_1_109' title='bbox 593 718 676 759; x_wconf 89' lang='lat' dir='ltr'><strong>abl.</strong></span> <span class='ocrx_word' id='word_1_110' title='bbox 699 718 748 759; x_wconf 89' lang='lat' dir='ltr'><strong>of</strong></span> <span class='ocrx_word' id='word_1_111' title='bbox 759 718 889 770; x_wconf 90' lang='lat' dir='ltr'><strong>place.</strong></span> 
     </span>
    </p>
   </div>
   <div class='ocr_carea' id='block_1_4' title="bbox 242 808 1918 1351">
    <p class='ocr_par' dir='ltr' id='par_1_4' title="bbox 242 808 1918 1351">
     <span class='ocr_line' id='line_1_12' title="bbox 330 808 1915 863; baseline -0.002 -10.148"><span class='ocrx_word' id='word_1_112' title='bbox 330 816 649 853; x_wconf 77' lang='lat' dir='ltr'><strong>1.16.secum</strong></span> <span class='ocrx_word' id='word_1_113' title='bbox 676 811 1159 861; x_wconf 76' lang='lat' dir='ltr'><strong>facere—personabat]</strong></span> <span class='ocrx_word' id='word_1_114' title='bbox 1189 811 1371 851; x_wconf 83' lang='lat' dir='ltr'><strong>‘bawled</strong></span> <span class='ocrx_word' id='word_1_115' title='bbox 1399 816 1470 851; x_wconf 91' lang='lat' dir='ltr'><strong>out</strong></span> <span class='ocrx_word' id='word_1_116' title='bbox 1498 810 1586 851; x_wconf 85' lang='lat' dir='ltr'><strong>that</strong></span> <span class='ocrx_word' id='word_1_117' title='bbox 1614 810 1713 863; x_wconf 87' lang='lat' dir='ltr'><strong>they</strong></span> <span class='ocrx_word' id='word_1_118' title='bbox 1731 808 1817 861; x_wconf 87' lang='lat' dir='ltr'><strong>(the</strong></span> <span class='ocrx_word' id='word_1_119' title='bbox 1845 810 1915 851; x_wconf 83' lang='lat' dir='ltr'><strong>tri-</strong></span> 
     </span>
     <span class='ocr_line' id='line_1_13' title="bbox 252 822 1916 916; baseline -0.002 -9"><span class='ocrx_word' id='word_1_120' title='bbox 252 867 470 916; x_wconf 89' lang='lat' dir='ltr'><strong>umvirate)</strong></span> <span class='ocrx_word' id='word_1_121' title='bbox 503 880 548 906; x_wconf 85' lang='lat' dir='ltr'><strong>as</strong></span> <span class='ocrx_word' id='word_1_122' title='bbox 578 867 673 905; x_wconf 93' lang='lat' dir='ltr'><strong>well</strong></span> <span class='ocrx_word' id='word_1_123' title='bbox 705 881 749 906; x_wconf 87' lang='lat' dir='ltr'><strong>as</strong></span> <span class='ocrx_word' id='word_1_124' title='bbox 769 866 839 905; x_wconf 90' lang='lat' dir='ltr'><strong>the</strong></span> <span class='ocrx_word' id='word_1_125' title='bbox 869 873 953 905; x_wconf 91' lang='lat' dir='ltr'><strong>two</strong></span> <span class='ocrx_word' id='word_1_126' title='bbox 986 867 1149 905; x_wconf 92' lang='lat' dir='ltr'><strong>consuls</strong></span> <span class='ocrx_word' id='word_1_127' title='bbox 1181 879 1288 905; x_wconf 86' lang='lat' dir='ltr'><strong>were</strong></span> <span class='ocrx_word' id='word_1_128' title='bbox 1318 879 1371 904; x_wconf 91' lang='lat' dir='ltr'><strong>on</strong></span> <span class='ocrx_word' id='word_1_129' title='bbox 1402 865 1467 904; x_wconf 89' lang='lat' dir='ltr'><strong>his</strong></span> <span class='ocrx_word' id='word_1_130' title='bbox 1497 866 1596 914; x_wconf 89' lang='lat' dir='ltr'><strong>side,</strong></span> <span class='ocrx_word' id='word_1_131' title='bbox 1628 822 1823 905; x_wconf 72' lang='lat' dir='ltr'><strong>favyoured</strong></span> <span class='ocrx_word' id='word_1_132' title='bbox 1851 865 1916 904; x_wconf 84' lang='lat' dir='ltr'><strong>his</strong></span> 
     </span>
     <span class='ocr_line' id='line_1_14' title="bbox 253 919 1917 973; baseline -0.002 -12"><span class='ocrx_word' id='word_1_133' title='bbox 253 919 447 973; x_wconf 87' lang='lat' dir='ltr'><strong>designs.&#39;</strong></span> <span class='ocrx_word' id='word_1_134' title='bbox 503 920 570 960; x_wconf 87' lang='lat' dir='ltr'><strong>Cf.</strong></span> <span class='ocrx_word' id='word_1_135' title='bbox 592 934 649 960; x_wconf 88' lang='lat' dir='ltr'><strong>or.</strong></span> <span class='ocrx_word' id='word_1_136' title='bbox 674 921 727 959; x_wconf 94' lang='lat' dir='ltr'><strong>de</strong></span> <span class='ocrx_word' id='word_1_137' title='bbox 745 921 833 959; x_wconf 88' lang='lat' dir='ltr'><strong>har.</strong></span> <span class='ocrx_word' id='word_1_138' title='bbox 854 933 959 972; x_wconf 85' lang='lat' dir='ltr'><strong>resp.</strong></span> <span class='ocrx_word' id='word_1_139' title='bbox 984 922 1091 970; x_wconf 78' lang='lat'><strong>§47-</strong></span> <span class='ocrx_word' id='word_1_140' title='bbox 1148 920 1398 959; x_wconf 80' lang='lat' dir='ltr'><em>Personabat</em></span> <span class='ocrx_word' id='word_1_141' title='bbox 1435 920 1579 959; x_wconf 90' lang='lat' dir='ltr'><strong>‘made</strong></span> <span class='ocrx_word' id='word_1_142' title='bbox 1610 920 1680 959; x_wconf 91' lang='lat' dir='ltr'><strong>the</strong></span> <span class='ocrx_word' id='word_1_143' title='bbox 1709 919 1793 971; x_wconf 89' lang='lat' dir='ltr'><strong>city</strong></span> <span class='ocrx_word' id='word_1_144' title='bbox 1825 919 1917 971; x_wconf 84' lang='lat' dir='ltr'><strong>ring</strong></span> 
     </span>
     <span class='ocr_line' id='line_1_15' title="bbox 253 973 1915 1026; baseline -0.002 -11"><span class='ocrx_word' id='word_1_145' title='bbox 253 976 354 1015; x_wconf 87' lang='lat' dir='ltr'><strong>with</strong></span> <span class='ocrx_word' id='word_1_146' title='bbox 379 974 705 1014; x_wconf 85' lang='lat' dir='ltr'><strong>denunciations.</strong></span> <span class='ocrx_word' id='word_1_147' title='bbox 711 973 720 991; x_wconf 94' lang='lat'>’</span> <span class='ocrx_word' id='word_1_148' title='bbox 777 973 841 1013; x_wconf 90' lang='lat' dir='ltr'><strong>Cf.</strong></span> <span class='ocrx_word' id='word_1_149' title='bbox 871 987 932 1013; x_wconf 91' lang='lat' dir='ltr'><strong>or.</strong></span> <span class='ocrx_word' id='word_1_150' title='bbox 961 987 1004 1026; x_wconf 94' lang='grc' dir='ltr'><strong>Ρ.</strong></span> <span class='ocrx_word' id='word_1_151' title='bbox 1035 974 1148 1013; x_wconf 88' lang='lat' dir='ltr'><strong>Cael.</strong></span> <span class='ocrx_word' id='word_1_152' title='bbox 1185 975 1287 1022; x_wconf 78' lang='lat'><strong>§47</strong></span> <span class='ocrx_word' id='word_1_153' title='bbox 1319 974 1415 1012; x_wconf 89' lang='lat' dir='ltr'><em>illae</em></span> <span class='ocrx_word' id='word_1_154' title='bbox 1439 987 1532 1012; x_wconf 83' lang='lat' dir='ltr'><strong>vero</strong></span> <span class='ocrx_word' id='word_1_155' title='bbox 1561 974 1719 1022; x_wconf 91' lang='lat' dir='ltr'><em>(Baiae)</em></span> <span class='ocrx_word' id='word_1_156' title='bbox 1750 986 1833 1012; x_wconf 87' lang='lat' dir='ltr'><strong>non</strong></span> <span class='ocrx_word' id='word_1_157' title='bbox 1861 974 1915 1012; x_wconf 89' lang='lat' dir='ltr'><strong>lo-</strong></span> 
     </span>
     <span class='ocr_line' id='line_1_16' title="bbox 253 991 1915 1081; baseline -0.002 -13"><span class='ocrx_word' id='word_1_158' title='bbox 253 1034 446 1081; x_wconf 86' lang='lat' dir='ltr'><em>quuntur</em></span> <span class='ocrx_word' id='word_1_159' title='bbox 460 1029 604 1077; x_wconf 90' lang='lat' dir='ltr'><em>solum,</em></span> <span class='ocrx_word' id='word_1_160' title='bbox 621 1041 765 1067; x_wconf 80' lang='lat' dir='ltr'><em>verum</em></span> <span class='ocrx_word' id='word_1_161' title='bbox 788 1027 910 1067; x_wconf 90' lang='lat' dir='ltr'><em>etiam</em></span> <span class='ocrx_word' id='word_1_162' title='bbox 933 991 1227 1080; x_wconf 54' lang='lat' dir='ltr'><em>personarit,</em></span> <span class='ocrx_word' id='word_1_163' title='bbox 1249 1029 1329 1066; x_wconf 81' lang='lat' dir='ltr'><em>lmc</em></span> <span class='ocrx_word' id='word_1_164' title='bbox 1347 1041 1473 1066; x_wconf 87' lang='lat' dir='ltr'><em>umus</em></span> <span class='ocrx_word' id='word_1_165' title='bbox 1497 1027 1703 1066; x_wconf 84' lang='lat' dir='ltr'><em>libidinem</em></span> <span class='ocrx_word' id='word_1_166' title='bbox 1722 1040 1799 1066; x_wconf 90' lang='lat' dir='ltr'><strong>esse</strong></span> <span class='ocrx_word' id='word_1_167' title='bbox 1818 1033 1915 1079; x_wconf 82' lang='lat' dir='ltr'><strong>pro-</strong></span> 
     </span>
     <span class='ocr_line' id='line_1_17' title="bbox 254 1081 1916 1134; baseline -0.002 -12"><span class='ocrx_word' id='word_1_168' title='bbox 254 1085 411 1134; x_wconf 81' lang='lat' dir='ltr'><em>lapsam</em></span> <span class='ocrx_word' id='word_1_169' title='bbox 430 1088 479 1122; x_wconf 89' lang='lat' dir='ltr'><strong>ut</strong></span> <span class='ocrx_word' id='word_1_170' title='bbox 497 1087 580 1128; x_wconf 87' lang='lat' dir='ltr'><strong>cet.,</strong></span> <span class='ocrx_word' id='word_1_171' title='bbox 601 1082 692 1121; x_wconf 88' lang='lat' dir='ltr'><strong>Liv.</strong></span> <span class='ocrx_word' id='word_1_172' title='bbox 720 1091 776 1121; x_wconf 90' lang='lat'><strong>111</strong></span> <span class='ocrx_word' id='word_1_173' title='bbox 802 1084 890 1130; x_wconf 76' lang='lat'><strong>10§</strong></span> <span class='ocrx_word' id='word_1_174' title='bbox 915 1095 964 1121; x_wconf 94' lang='lat'><strong>10</strong></span> <span class='ocrx_word' id='word_1_175' title='bbox 982 1081 1144 1120; x_wconf 85' lang='lat' dir='ltr'><em>tribuni</em></span> <span class='ocrx_word' id='word_1_176' title='bbox 1166 1095 1300 1121; x_wconf 83' lang='lat' dir='ltr'><em>coram</em></span> <span class='ocrx_word' id='word_1_177' title='bbox 1328 1095 1375 1120; x_wconf 83' lang='lat' dir='ltr'><strong>zn</strong></span> <span class='ocrx_word' id='word_1_178' title='bbox 1391 1081 1489 1132; x_wconf 74' lang='lat' dir='ltr'><strong>foro</strong></span> <span class='ocrx_word' id='word_1_179' title='bbox 1508 1087 1776 1133; x_wconf 82' lang='lat' dir='ltr'><strong>personare</strong></span> <span class='ocrx_word' id='word_1_180' title='bbox 1788 1081 1916 1132; x_wconf 86' lang='lat' dir='ltr'><em>fabu-</em></span> 
     </span>
     <span class='ocr_line' id='line_1_18' title="bbox 253 1135 1918 1188; baseline -0.002 -12"><span class='ocrx_word' id='word_1_181' title='bbox 253 1138 339 1176; x_wconf 86' lang='lat' dir='ltr'><strong>lam</strong></span> <span class='ocrx_word' id='word_1_182' title='bbox 367 1137 619 1188; x_wconf 82' lang='lat' dir='ltr'><em>compositam</em></span> <span class='ocrx_word' id='word_1_183' title='bbox 659 1136 789 1175; x_wconf 86' lang='lat' dir='ltr'><em>Volsci</em></span> <span class='ocrx_word' id='word_1_184' title='bbox 813 1135 918 1184; x_wconf 84' lang='lat' dir='ltr'><em>bellz&#39;,</em></span> <span class='ocrx_word' id='word_1_185' title='bbox 951 1136 1051 1175; x_wconf 91' lang='lat' dir='ltr'><strong>Tac.</strong></span> <span class='ocrx_word' id='word_1_186' title='bbox 1083 1136 1195 1175; x_wconf 90' lang='lat' dir='ltr'><strong>Ann.</strong></span> <span class='ocrx_word' id='word_1_187' title='bbox 1230 1145 1314 1174; x_wconf 85' lang='lat' dir='ltr'><strong>XIV</strong></span> <span class='ocrx_word' id='word_1_188' title='bbox 1349 1147 1409 1185; x_wconf 84' lang='grc'><strong>15,</strong></span> <span class='ocrx_word' id='word_1_189' title='bbox 1439 1145 1521 1174; x_wconf 86' lang='lat' dir='ltr'><strong>XVI</strong></span> <span class='ocrx_word' id='word_1_190' title='bbox 1552 1151 1590 1184; x_wconf 87' lang='lat'><strong>4.</strong></span> <span class='ocrx_word' id='word_1_191' title='bbox 1650 1135 1742 1174; x_wconf 89' lang='lat' dir='ltr'><strong>The</strong></span> <span class='ocrx_word' id='word_1_192' title='bbox 1770 1135 1918 1186; x_wconf 86' lang='lat' dir='ltr'><strong>phrase</strong></span> 
     </span>
     <span class='ocr_line' id='line_1_19' title="bbox 242 1187 1915 1244; baseline -0.002 -14"><span class='ocrx_word' id='word_1_193' title='bbox 242 1191 380 1244; x_wconf 82' lang='lat' dir='ltr'><em>facere</em></span> <span class='ocrx_word' id='word_1_194' title='bbox 397 1204 491 1230; x_wconf 86' lang='lat' dir='ltr'><strong>cum</strong></span> <span class='ocrx_word' id='word_1_195' title='bbox 510 1190 677 1242; x_wconf 83' lang='lat' dir='ltr'><em>aliquo</em></span> <span class='ocrx_word' id='word_1_196' title='bbox 666 1203 702 1229; x_wconf 84' lang='lat' dir='ltr'><strong>is</strong></span> <span class='ocrx_word' id='word_1_197' title='bbox 721 1190 767 1229; x_wconf 92' lang='lat' dir='ltr'><strong>of</strong></span> <span class='ocrx_word' id='word_1_198' title='bbox 782 1202 975 1229; x_wconf 91' lang='lat' dir='ltr'><em>common</em></span> <span class='ocrx_word' id='word_1_199' title='bbox 996 1202 1240 1228; x_wconf 90' lang='lat' dir='ltr'><strong>occurrence</strong></span> <span class='ocrx_word' id='word_1_200' title='bbox 1259 1190 1302 1228; x_wconf 89' lang='lat' dir='ltr'><strong>in</strong></span> <span class='ocrx_word' id='word_1_201' title='bbox 1323 1189 1427 1235; x_wconf 67' lang='lat' dir='ltr'><strong>Cic„</strong></span> <span class='ocrx_word' id='word_1_202' title='bbox 1448 1202 1484 1228; x_wconf 90' lang='lat' dir='ltr'><strong>e.</strong></span> <span class='ocrx_word' id='word_1_203' title='bbox 1494 1202 1532 1240; x_wconf 91' lang='lat' dir='ltr'><strong>g.</strong></span> <span class='ocrx_word' id='word_1_204' title='bbox 1554 1202 1613 1228; x_wconf 88' lang='lat' dir='ltr'><strong>or.</strong></span> <span class='ocrx_word' id='word_1_205' title='bbox 1629 1202 1670 1240; x_wconf 87' lang='lat' dir='ltr'><strong>p.</strong></span> <span class='ocrx_word' id='word_1_206' title='bbox 1693 1189 1795 1229; x_wconf 86' lang='lat' dir='ltr'><strong>Suu.</strong></span> <span class='ocrx_word' id='word_1_207' title='bbox 1812 1190 1833 1237; x_wconf 66' lang='grc' dir='ltr'>ἓ</span> <span class='ocrx_word' id='word_1_208' title='bbox 1850 1187 1915 1240; x_wconf 83' lang='lat'><strong>36,</strong></span> 
     </span>
     <span class='ocr_line' id='line_1_20' title="bbox 254 1243 1916 1298; baseline -0.002 -14"><span class='ocrx_word' id='word_1_209' title='bbox 254 1258 296 1298; x_wconf 94' lang='lat' dir='ltr'><strong>p.</strong></span> <span class='ocrx_word' id='word_1_210' title='bbox 319 1245 441 1284; x_wconf 88' lang='lat' dir='ltr'><strong>Caec.</strong></span> <span class='ocrx_word' id='word_1_211' title='bbox 465 1247 594 1295; x_wconf 76' lang='lat'>§104,</span> <span class='ocrx_word' id='word_1_212' title='bbox 619 1246 720 1295; x_wconf 63' lang='lat'>579,</span> <span class='ocrx_word' id='word_1_213' title='bbox 746 1257 821 1296; x_wconf 93' lang='lat' dir='ltr'><strong>pro</strong></span> <span class='ocrx_word' id='word_1_214' title='bbox 842 1243 1008 1294; x_wconf 84' lang='lat' dir='ltr'><strong>Quinct.</strong></span> <span class='ocrx_word' id='word_1_215' title='bbox 1027 1245 1134 1294; x_wconf 79' lang='lat'>§91,</span> <span class='ocrx_word' id='word_1_216' title='bbox 1158 1257 1223 1295; x_wconf 91' lang='lat' dir='ltr'><strong>ep.</strong></span> <span class='ocrx_word' id='word_1_217' title='bbox 1245 1243 1298 1281; x_wconf 90' lang='lat' dir='ltr'><strong>ad</strong></span> <span class='ocrx_word' id='word_1_218' title='bbox 1317 1243 1408 1282; x_wconf 87' lang='lat' dir='ltr'><strong>Att.</strong></span> <span class='ocrx_word' id='word_1_219' title='bbox 1422 1253 1470 1282; x_wconf 83' lang='lat' dir='ltr'><strong>VI</strong></span> <span class='ocrx_word' id='word_1_220' title='bbox 1491 1245 1529 1290; x_wconf 92' lang='lat'><strong>8,</strong></span> <span class='ocrx_word' id='word_1_221' title='bbox 1548 1256 1586 1287; x_wconf 86' lang='lat'><strong>2,</strong></span> <span class='ocrx_word' id='word_1_222' title='bbox 1606 1243 1659 1281; x_wconf 91' lang='lat' dir='ltr'><strong>de</strong></span> <span class='ocrx_word' id='word_1_223' title='bbox 1678 1243 1750 1281; x_wconf 88' lang='lat' dir='ltr'><strong>fin.</strong></span> <span class='ocrx_word' id='word_1_224' title='bbox 1771 1244 1916 1294; x_wconf 79' lang='lat'>11§44</span> 
     </span>
     <span class='ocr_line' id='line_1_21' title="bbox 244 1297 1778 1351; baseline -0.001 -14"><span class='ocrx_word' id='word_1_225' title='bbox 244 1299 425 1351; x_wconf 80' lang='lat' dir='ltr'><strong>populus</strong></span> <span class='ocrx_word' id='word_1_226' title='bbox 451 1311 556 1338; x_wconf 89' lang='lat' dir='ltr'><strong>cum</strong></span> <span class='ocrx_word' id='word_1_227' title='bbox 585 1297 862 1349; x_wconf 85' lang='lat' dir='ltr'><em>illissacit.</em></span> <span class='ocrx_word' id='word_1_228' title='bbox 920 1297 985 1337; x_wconf 85' lang='lat' dir='ltr'><strong>Cf.</strong></span> <span class='ocrx_word' id='word_1_229' title='bbox 1009 1302 1100 1336; x_wconf 80' lang='lat' dir='ltr'><em>erat</em></span> <span class='ocrx_word' id='word_1_230' title='bbox 1117 1310 1271 1336; x_wconf 85' lang='lat' dir='ltr'><em>mecum</em></span> <span class='ocrx_word' id='word_1_231' title='bbox 1290 1297 1471 1336; x_wconf 87' lang='lat' dir='ltr'><strong>belowl.</strong></span> <span class='ocrx_word' id='word_1_232' title='bbox 1493 1297 1540 1335; x_wconf 91' lang='lat'><strong>18</strong></span> <span class='ocrx_word' id='word_1_233' title='bbox 1561 1297 1691 1336; x_wconf 90' lang='lat' dir='ltr'><strong>andl.</strong></span> <span class='ocrx_word' id='word_1_234' title='bbox 1712 1307 1778 1346; x_wconf 85' lang='lat'><strong>23.</strong></span> 
     </span>
    </p>
   </div>
   <div class='ocr_carea' id='block_1_5' title="bbox 252 1378 1918 1488">
    <p class='ocr_par' dir='ltr' id='par_1_5' title="bbox 252 1378 1918 1488">
     <span class='ocr_line' id='line_1_22' title="bbox 333 1378 1918 1450; baseline -0.002 -29"><span class='ocrx_word' id='word_1_235' title='bbox 333 1379 667 1450; x_wconf 72' lang='lat' dir='ltr'><strong>acerbissime]</strong></span> <span class='ocrx_word' id='word_1_236' title='bbox 656 1393 684 1418; x_wconf 87' lang='lat'><strong>1.</strong></span> <span class='ocrx_word' id='word_1_237' title='bbox 694 1392 729 1420; x_wconf 91' lang='lat' dir='ltr'><strong>e.</strong></span> <span class='ocrx_word' id='word_1_238' title='bbox 749 1392 854 1419; x_wconf 88' lang='lat' dir='ltr'><strong>cum</strong></span> <span class='ocrx_word' id='word_1_239' title='bbox 883 1378 1207 1418; x_wconf 83' lang='lat' dir='ltr'><strong>acerbissimo</strong></span> <span class='ocrx_word' id='word_1_240' title='bbox 1235 1384 1405 1418; x_wconf 89' lang='lat' dir='ltr'><strong>nostro</strong></span> <span class='ocrx_word' id='word_1_241' title='bbox 1431 1378 1616 1425; x_wconf 88' lang='lat' dir='ltr'><strong>dolore,</strong></span> <span class='ocrx_word' id='word_1_242' title='bbox 1640 1381 1709 1418; x_wconf 91' lang='lat' dir='ltr'><strong>‘to</strong></span> <span class='ocrx_word' id='word_1_243' title='bbox 1728 1391 1802 1418; x_wconf 85' lang='lat' dir='ltr'><strong>our</strong></span> <span class='ocrx_word' id='word_1_244' title='bbox 1821 1391 1918 1431; x_wconf 85' lang='lat' dir='ltr'><strong>very</strong></span> 
     </span>
     <span class='ocr_line' id='line_1_23' title="bbox 252 1442 556 1488; baseline -0.01 -12"><span class='ocrx_word' id='word_1_245' title='bbox 252 1442 370 1488; x_wconf 87' lang='lat' dir='ltr'><strong>great</strong></span> <span class='ocrx_word' id='word_1_246' title='bbox 388 1448 556 1474; x_wconf 89' lang='lat' dir='ltr'><strong>sorrow.</strong></span> 
     </span>
    </p>
   </div>
   <div class='ocr_carea' id='block_1_6' title="bbox 251 1524 1919 2107">
    <p class='ocr_par' dir='ltr' id='par_1_6' title="bbox 251 1524 1919 2107">
     <span class='ocr_line' id='line_1_24' title="bbox 334 1524 1918 1579; baseline -0.001 -12"><span class='ocrx_word' id='word_1_247' title='bbox 334 1529 461 1577; x_wconf 62' lang='lat' dir='ltr'><strong>§az</strong></span> <span class='ocrx_word' id='word_1_248' title='bbox 484 1531 516 1567; x_wconf 90' lang='lat'><strong>1.</strong></span> <span class='ocrx_word' id='word_1_249' title='bbox 537 1532 600 1567; x_wconf 86' lang='lat'><strong>18.</strong></span> <span class='ocrx_word' id='word_1_250' title='bbox 657 1531 707 1568; x_wconf 76' lang='lat' dir='ltr'><strong>at</strong></span> <span class='ocrx_word' id='word_1_251' title='bbox 747 1531 846 1568; x_wconf 75' lang='lat' dir='ltr'><strong>erat</strong></span> <span class='ocrx_word' id='word_1_252' title='bbox 883 1538 1054 1568; x_wconf 76' lang='lat' dir='ltr'><em>mecum</em></span> <span class='ocrx_word' id='word_1_253' title='bbox 1092 1530 1274 1567; x_wconf 79' lang='lat' dir='ltr'><strong>senatus</strong></span> <span class='ocrx_word' id='word_1_254' title='bbox 1312 1524 1415 1578; x_wconf 61' lang='lat' dir='ltr'><strong>cet]</strong></span> <span class='ocrx_word' id='word_1_255' title='bbox 1459 1526 1570 1574; x_wconf 84' lang='lat' dir='ltr'><strong>‘but‚</strong></span> <span class='ocrx_word' id='word_1_256' title='bbox 1607 1538 1688 1578; x_wconf 87' lang='lat' dir='ltr'><strong>you</strong></span> <span class='ocrx_word' id='word_1_257' title='bbox 1721 1539 1816 1579; x_wconf 88' lang='lat' dir='ltr'><strong>may</strong></span> <span class='ocrx_word' id='word_1_258' title='bbox 1845 1538 1918 1579; x_wconf 87' lang='lat' dir='ltr'><strong>say</strong></span> 
     </span>
     <span class='ocr_line' id='line_1_25' title="bbox 258 1579 1918 1634; baseline -0.001 -13"><span class='ocrx_word' id='word_1_259' title='bbox 258 1583 295 1632; x_wconf 68' lang='grc' dir='ltr'><strong>(ξ</strong></span> <span class='ocrx_word' id='word_1_260' title='bbox 316 1594 380 1634; x_wconf 85' lang='lat'><strong>53,</strong></span> <span class='ocrx_word' id='word_1_261' title='bbox 412 1583 536 1633; x_wconf 78' lang='lat'>§71),</span> <span class='ocrx_word' id='word_1_262' title='bbox 574 1582 645 1621; x_wconf 89' lang='lat' dir='ltr'><strong>the</strong></span> <span class='ocrx_word' id='word_1_263' title='bbox 675 1589 816 1621; x_wconf 88' lang='lat' dir='ltr'><strong>senate</strong></span> <span class='ocrx_word' id='word_1_264' title='bbox 845 1596 929 1622; x_wconf 85' lang='lat' dir='ltr'><strong>was</strong></span> <span class='ocrx_word' id='word_1_265' title='bbox 956 1582 1058 1622; x_wconf 87' lang='lat' dir='ltr'><strong>with</strong></span> <span class='ocrx_word' id='word_1_266' title='bbox 1087 1580 1187 1620; x_wconf 89' lang='lat' dir='ltr'><strong>me.&#39;</strong></span> <span class='ocrx_word' id='word_1_267' title='bbox 1248 1579 1388 1628; x_wconf 90' lang='lat' dir='ltr'><strong>‘Yes,&#39;</strong></span> <span class='ocrx_word' id='word_1_268' title='bbox 1418 1594 1510 1631; x_wconf 90' lang='lat' dir='ltr'>says</span> <span class='ocrx_word' id='word_1_269' title='bbox 1543 1580 1704 1629; x_wconf 86' lang='lat' dir='ltr'><strong>Cicero,</strong></span> <span class='ocrx_word' id='word_1_270' title='bbox 1743 1580 1846 1619; x_wconf 90' lang='lat' dir='ltr'><strong>‘and</strong></span> <span class='ocrx_word' id='word_1_271' title='bbox 1873 1581 1918 1620; x_wconf 91' lang='lat' dir='ltr'><strong>in</strong></span> 
     </span>
     <span class='ocr_line' id='line_1_26' title="bbox 253 1634 1919 1687; baseline -0.001 -12"><span class='ocrx_word' id='word_1_272' title='bbox 253 1635 505 1687; x_wconf 87' lang='lat' dir='ltr'><strong>mourning.’</strong></span> <span class='ocrx_word' id='word_1_273' title='bbox 560 1635 663 1675; x_wconf 91' lang='lat' dir='ltr'><strong>This</strong></span> <span class='ocrx_word' id='word_1_274' title='bbox 692 1636 840 1684; x_wconf 87' lang='lat' dir='ltr'><strong>clause,</strong></span> <span class='ocrx_word' id='word_1_275' title='bbox 875 1649 920 1675; x_wconf 88' lang='lat' dir='ltr'><strong>as</strong></span> <span class='ocrx_word' id='word_1_276' title='bbox 948 1636 1042 1682; x_wconf 84' lang='lat' dir='ltr'><strong>well</strong></span> <span class='ocrx_word' id='word_1_277' title='bbox 1070 1649 1115 1675; x_wconf 84' lang='lat' dir='ltr'><strong>as</strong></span> <span class='ocrx_word' id='word_1_278' title='bbox 1138 1636 1256 1674; x_wconf 84' lang='lat' dir='ltr'><strong>those</strong></span> <span class='ocrx_word' id='word_1_279' title='bbox 1280 1634 1415 1674; x_wconf 91' lang='lat' dir='ltr'><strong>which</strong></span> <span class='ocrx_word' id='word_1_280' title='bbox 1442 1634 1596 1682; x_wconf 88' lang='lat' dir='ltr'><strong>follow,</strong></span> <span class='ocrx_word' id='word_1_281' title='bbox 1623 1634 1836 1674; x_wconf 89' lang='lat' dir='ltr'><strong>introduce</strong></span> <span class='ocrx_word' id='word_1_282' title='bbox 1864 1647 1919 1673; x_wconf 89' lang='lat' dir='ltr'><strong>an</strong></span> 
     </span>
     <span class='ocr_line' id='line_1_27' title="bbox 254 1688 1919 1742; baseline -0.002 -13"><span class='ocrx_word' id='word_1_283' title='bbox 254 1690 462 1742; x_wconf 84' lang='lat' dir='ltr'><strong>objection</strong></span> <span class='ocrx_word' id='word_1_284' title='bbox 481 1689 538 1742; x_wconf 90' lang='lat' dir='ltr'><strong>by</strong></span> <span class='ocrx_word' id='word_1_285' title='bbox 556 1690 789 1729; x_wconf 75' lang='lat' dir='ltr'><strong>Laterensis</strong></span> <span class='ocrx_word' id='word_1_286' title='bbox 807 1690 850 1728; x_wconf 91' lang='lat' dir='ltr'><strong>in</strong></span> <span class='ocrx_word' id='word_1_287' title='bbox 868 1690 940 1729; x_wconf 90' lang='lat' dir='ltr'><strong>the</strong></span> <span class='ocrx_word' id='word_1_288' title='bbox 958 1696 1102 1729; x_wconf 89' lang='lat' dir='ltr'><strong>nature</strong></span> <span class='ocrx_word' id='word_1_289' title='bbox 1122 1689 1168 1728; x_wconf 89' lang='lat' dir='ltr'><strong>of</strong></span> <span class='ocrx_word' id='word_1_290' title='bbox 1182 1703 1235 1728; x_wconf 90' lang='lat' dir='ltr'><strong>an</strong></span> <span class='ocrx_word' id='word_1_291' title='bbox 1256 1695 1471 1740; x_wconf 87' lang='lat' dir='ltr'><strong>argument</strong></span> <span class='ocrx_word' id='word_1_292' title='bbox 1491 1689 1586 1740; x_wconf 85' lang='lat' dir='ltr'><strong>why</strong></span> <span class='ocrx_word' id='word_1_293' title='bbox 1601 1688 1750 1728; x_wconf 90' lang='lat' dir='ltr'><strong>Cicero</strong></span> <span class='ocrx_word' id='word_1_294' title='bbox 1769 1689 1919 1728; x_wconf 85' lang='lat' dir='ltr'><strong>should</strong></span> 
     </span>
     <span class='ocr_line' id='line_1_28' title="bbox 253 1742 1913 1795; baseline -0.002 -11"><span class='ocrx_word' id='word_1_295' title='bbox 253 1743 359 1784; x_wconf 86' lang='lat' dir='ltr'><strong>have</strong></span> <span class='ocrx_word' id='word_1_296' title='bbox 382 1744 594 1783; x_wconf 85' lang='lat' dir='ltr'><strong>remained</strong></span> <span class='ocrx_word' id='word_1_297' title='bbox 621 1750 663 1783; x_wconf 87' lang='lat' dir='ltr'><strong>at</strong></span> <span class='ocrx_word' id='word_1_298' title='bbox 692 1744 830 1783; x_wconf 88' lang='lat' dir='ltr'><strong>home.</strong></span> <span class='ocrx_word' id='word_1_299' title='bbox 887 1743 1006 1795; x_wconf 91' lang='lat' dir='ltr'><strong>They</strong></span> <span class='ocrx_word' id='word_1_300' title='bbox 1030 1757 1099 1783; x_wconf 87' lang='lat' dir='ltr'><strong>are</strong></span> <span class='ocrx_word' id='word_1_301' title='bbox 1128 1743 1322 1782; x_wconf 87' lang='lat' dir='ltr'><strong>followed</strong></span> <span class='ocrx_word' id='word_1_302' title='bbox 1350 1743 1406 1794; x_wconf 92' lang='lat' dir='ltr'><strong>by</strong></span> <span class='ocrx_word' id='word_1_303' title='bbox 1423 1748 1462 1781; x_wconf 89' lang='lat' dir='ltr'><em>et</em></span> <span class='ocrx_word' id='word_1_304' title='bbox 1487 1742 1647 1794; x_wconf 83' lang='lat' dir='ltr'><em>quidem</em></span> <span class='ocrx_word' id='word_1_305' title='bbox 1678 1742 1715 1790; x_wconf 82' lang='lat'><strong>(§</strong></span> <span class='ocrx_word' id='word_1_306' title='bbox 1736 1754 1781 1791; x_wconf 83' lang='lat'><strong>31</strong></span> <span class='ocrx_word' id='word_1_307' title='bbox 1805 1742 1833 1780; x_wconf 94' lang='lat' dir='ltr'><strong>l.</strong></span> <span class='ocrx_word' id='word_1_308' title='bbox 1855 1743 1913 1795; x_wconf 87' lang='lat'><strong>9),</strong></span> 
     </span>
     <span class='ocr_line' id='line_1_29' title="bbox 252 1795 1919 1850; baseline -0.002 -13"><span class='ocrx_word' id='word_1_309' title='bbox 252 1812 369 1850; x_wconf 87' lang='lat' dir='ltr'><em>quem</em></span> <span class='ocrx_word' id='word_1_310' title='bbox 389 1799 549 1849; x_wconf 83' lang='lat' dir='ltr'><em>quidem</em></span> <span class='ocrx_word' id='word_1_311' title='bbox 575 1797 618 1846; x_wconf 89' lang='lat' dir='ltr'><strong>(l.</strong></span> <span class='ocrx_word' id='word_1_312' title='bbox 635 1795 716 1848; x_wconf 77' lang='lat'><strong>24),</strong></span> <span class='ocrx_word' id='word_1_313' title='bbox 738 1798 811 1837; x_wconf 87' lang='lat' dir='ltr'><strong>cui</strong></span> <span class='ocrx_word' id='word_1_314' title='bbox 826 1798 986 1849; x_wconf 86' lang='lat' dir='ltr'><em>quidem</em></span> <span class='ocrx_word' id='word_1_315' title='bbox 1014 1798 1057 1846; x_wconf 92' lang='lat' dir='ltr'><strong>(l.</strong></span> <span class='ocrx_word' id='word_1_316' title='bbox 1073 1795 1142 1846; x_wconf 87' lang='grc'><strong>26)</strong></span> <span class='ocrx_word' id='word_1_317' title='bbox 1163 1796 1444 1848; x_wconf 88' lang='lat' dir='ltr'><strong>respectively.</strong></span> <span class='ocrx_word' id='word_1_318' title='bbox 1502 1796 1571 1836; x_wconf 91' lang='lat' dir='ltr'><strong>On</strong></span> <span class='ocrx_word' id='word_1_319' title='bbox 1590 1795 1660 1835; x_wconf 89' lang='lat' dir='ltr'><strong>the</strong></span> <span class='ocrx_word' id='word_1_320' title='bbox 1677 1796 1825 1848; x_wconf 87' lang='lat' dir='ltr'><strong>phrase</strong></span> <span class='ocrx_word' id='word_1_321' title='bbox 1843 1810 1919 1835; x_wconf 85' lang='lat' dir='ltr'><strong>esse</strong></span> 
     </span>
     <span class='ocr_line' id='line_1_30' title="bbox 253 1850 1917 1903; baseline -0.002 -12"><span class='ocrx_word' id='word_1_322' title='bbox 253 1865 346 1891; x_wconf 91' lang='lat' dir='ltr'><strong>cum</strong></span> <span class='ocrx_word' id='word_1_323' title='bbox 374 1852 511 1903; x_wconf 83' lang='lat' dir='ltr'><em>aliquo</em></span> <span class='ocrx_word' id='word_1_324' title='bbox 539 1852 726 1891; x_wconf 88' lang='lat' dir='ltr'><strong>Wunder</strong></span> <span class='ocrx_word' id='word_1_325' title='bbox 754 1864 967 1903; x_wconf 84' lang='lat' dir='ltr'><strong>compares</strong></span> <span class='ocrx_word' id='word_1_326' title='bbox 995 1864 1054 1890; x_wconf 90' lang='lat' dir='ltr'><strong>or.</strong></span> <span class='ocrx_word' id='word_1_327' title='bbox 1075 1864 1117 1903; x_wconf 90' lang='lat' dir='ltr'><strong>p.</strong></span> <span class='ocrx_word' id='word_1_328' title='bbox 1145 1851 1252 1890; x_wconf 90' lang='lat' dir='ltr'><strong>Rab.</strong></span> <span class='ocrx_word' id='word_1_329' title='bbox 1273 1852 1294 1898; x_wconf 70' lang='grc' dir='ltr'><strong>ἓ</strong></span> <span class='ocrx_word' id='word_1_330' title='bbox 1316 1864 1366 1899; x_wconf 85' lang='lat'><strong>24</strong></span> <span class='ocrx_word' id='word_1_331' title='bbox 1394 1851 1513 1901; x_wconf 80' lang='lat' dir='ltr'><em>atqui</em></span> <span class='ocrx_word' id='word_1_332' title='bbox 1538 1850 1721 1888; x_wconf 85' lang='lat' dir='ltr'><em>videmus</em></span> <span class='ocrx_word' id='word_1_333' title='bbox 1748 1850 1844 1889; x_wconf 82' lang='lat' dir='ltr'><em>haec</em></span> <span class='ocrx_word' id='word_1_334' title='bbox 1869 1851 1917 1888; x_wconf 88' lang='lat' dir='ltr'><strong>in</strong></span> 
     </span>
     <span class='ocr_line' id='line_1_31' title="bbox 253 1905 1916 1957; baseline -0.001 -13"><span class='ocrx_word' id='word_1_335' title='bbox 253 1919 396 1945; x_wconf 87' lang='lat' dir='ltr'><em>rerum</em></span> <span class='ocrx_word' id='word_1_336' title='bbox 426 1911 583 1944; x_wconf 85' lang='lat' dir='ltr'><em>natura</em></span> <span class='ocrx_word' id='word_1_337' title='bbox 615 1906 702 1944; x_wconf 88' lang='lat' dir='ltr'><em>tria</em></span> <span class='ocrx_word' id='word_1_338' title='bbox 723 1905 874 1957; x_wconf 67' lang='lat' dir='ltr'><em>fitis-se,</em></span> <span class='ocrx_word' id='word_1_339' title='bbox 912 1911 960 1944; x_wconf 92' lang='lat' dir='ltr'><strong>ut</strong></span> <span class='ocrx_word' id='word_1_340' title='bbox 990 1910 1067 1943; x_wconf 87' lang='lat' dir='ltr'><strong>aut</strong></span> <span class='ocrx_word' id='word_1_341' title='bbox 1089 1918 1182 1943; x_wconf 88' lang='lat' dir='ltr'><strong>cum</strong></span> <span class='ocrx_word' id='word_1_342' title='bbox 1221 1905 1505 1943; x_wconf 85' lang='lat' dir='ltr'><em>Saturnino</em></span> <span class='ocrx_word' id='word_1_343' title='bbox 1542 1909 1660 1942; x_wconf 88' lang='lat' dir='ltr'><em>esset</em></span> <span class='ocrx_word' id='word_1_344' title='bbox 1694 1909 1772 1942; x_wconf 87' lang='lat' dir='ltr'><strong>aut</strong></span> <span class='ocrx_word' id='word_1_345' title='bbox 1811 1917 1916 1942; x_wconf 88' lang='lat' dir='ltr'><strong>cum</strong></span> 
     </span>
     <span class='ocr_line' id='line_1_32' title="bbox 254 1957 1915 2008; baseline -0.002 -10"><span class='ocrx_word' id='word_1_346' title='bbox 254 1960 392 1999; x_wconf 88' lang='lat' dir='ltr'><em>bonis</em></span> <span class='ocrx_word' id='word_1_347' title='bbox 421 1965 498 1998; x_wconf 86' lang='lat' dir='ltr'><strong>aut</strong></span> <span class='ocrx_word' id='word_1_348' title='bbox 527 1960 697 2005; x_wconf 88' lang='lat' dir='ltr'><em>lateret;</em></span> <span class='ocrx_word' id='word_1_349' title='bbox 737 1959 869 2007; x_wconf 89' lang='lat' dir='ltr'><em>latere,</em></span> <span class='ocrx_word' id='word_1_350' title='bbox 907 1959 1050 1998; x_wconf 90' lang='lat' dir='ltr'><em>mortis</em></span> <span class='ocrx_word' id='word_1_351' title='bbox 1083 1964 1173 1998; x_wconf 85' lang='lat' dir='ltr'><em>erat</em></span> <span class='ocrx_word' id='word_1_352' title='bbox 1202 1958 1341 1997; x_wconf 88' lang='lat' dir='ltr'><em>instar</em></span> <span class='ocrx_word' id='word_1_353' title='bbox 1369 1957 1633 2008; x_wconf 83' lang='lat' dir='ltr'><em>turpissimae</em></span> <span class='ocrx_word' id='word_1_354' title='bbox 1645 1971 1663 2003; x_wconf 85' lang='lat'><strong>,·</strong></span> <span class='ocrx_word' id='word_1_355' title='bbox 1704 1971 1807 1996; x_wconf 87' lang='lat' dir='ltr'><strong>cum</strong></span> <span class='ocrx_word' id='word_1_356' title='bbox 1833 1959 1915 1996; x_wconf 87' lang='lat' dir='ltr'><strong>Sa-</strong></span> 
     </span>
     <span class='ocr_line' id='line_1_33' title="bbox 253 2011 1916 2065; baseline -0.001 -13"><span class='ocrx_word' id='word_1_357' title='bbox 253 2014 464 2053; x_wconf 87' lang='lat' dir='ltr'><em>turnino</em></span> <span class='ocrx_word' id='word_1_358' title='bbox 489 2026 599 2058; x_wconf 86' lang='lat' dir='ltr'><strong>esse,</strong></span> <span class='ocrx_word' id='word_1_359' title='bbox 607 2013 780 2065; x_wconf 87' lang='lat' dir='ltr'><em>furoris</em></span> <span class='ocrx_word' id='word_1_360' title='bbox 805 2018 843 2053; x_wconf 88' lang='lat' dir='ltr'><em>et</em></span> <span class='ocrx_word' id='word_1_361' title='bbox 865 2013 1029 2059; x_wconf 84' lang='lat' dir='ltr'><em>sceleris,</em></span> <span class='ocrx_word' id='word_1_362' title='bbox 1056 2026 1117 2052; x_wconf 89' lang='lat' dir='ltr'><strong>or.</strong></span> <span class='ocrx_word' id='word_1_363' title='bbox 1145 2011 1328 2065; x_wconf 90' lang='lat' dir='ltr'><strong>Philipp.</strong></span> <span class='ocrx_word' id='word_1_364' title='bbox 1349 2021 1437 2051; x_wconf 88' lang='lat' dir='ltr'>VIII</span> <span class='ocrx_word' id='word_1_365' title='bbox 1463 2025 1505 2052; x_wconf 88' lang='lat'><strong>11</strong></span> <span class='ocrx_word' id='word_1_366' title='bbox 1537 2024 1675 2051; x_wconf 84' lang='lat' dir='ltr'><em>eorum</em></span> <span class='ocrx_word' id='word_1_367' title='bbox 1707 2011 1784 2064; x_wconf 82' lang='lat' dir='ltr'><strong>qui</strong></span> <span class='ocrx_word' id='word_1_368' title='bbox 1808 2024 1916 2051; x_wconf 89' lang='lat' dir='ltr'><strong>cum</strong></span> 
     </span>
     <span class='ocr_line' id='line_1_34' title="bbox 251 2067 630 2107; baseline -0.003 0"><span class='ocrx_word' id='word_1_369' title='bbox 251 2067 475 2107; x_wconf 87' lang='lat' dir='ltr'><em>Antonio</em></span> <span class='ocrx_word' id='word_1_370' title='bbox 502 2072 630 2106; x_wconf 88' lang='lat' dir='ltr'><strong>sunt.</strong></span> 
     </span>
    </p>
   </div>
   <div class='ocr_carea' id='block_1_7' title="bbox 332 2146 1150 2201">
    <p class='ocr_par' dir='ltr' id='par_1_7' title="bbox 332 2146 1150 2201">
     <span class='ocr_line' id='line_1_35' title="bbox 332 2146 1150 2201; baseline -0.002 -13"><span class='ocrx_word' id='word_1_371' title='bbox 332 2151 456 2188; x_wconf 80' lang='lat' dir='ltr'><strong>veste</strong></span> <span class='ocrx_word' id='word_1_372' title='bbox 482 2147 676 2198; x_wconf 75' lang='lat' dir='ltr'><strong>mutata]</strong></span> <span class='ocrx_word' id='word_1_373' title='bbox 703 2161 770 2188; x_wconf 84' lang='lat' dir='ltr'><strong>see</strong></span> <span class='ocrx_word' id='word_1_374' title='bbox 789 2161 831 2188; x_wconf 90' lang='lat' dir='ltr'><strong>n.</strong></span> <span class='ocrx_word' id='word_1_375' title='bbox 854 2152 898 2188; x_wconf 88' lang='lat' dir='ltr'><strong>to</strong></span> <span class='ocrx_word' id='word_1_376' title='bbox 917 2149 939 2197; x_wconf 66' lang='grc' dir='ltr'>ξ</span> <span class='ocrx_word' id='word_1_377' title='bbox 960 2160 1010 2201; x_wconf 89' lang='grc'><strong>29</strong></span> <span class='ocrx_word' id='word_1_378' title='bbox 1029 2146 1058 2188; x_wconf 92' lang='lat'><strong>1.</strong></span> <span class='ocrx_word' id='word_1_379' title='bbox 1083 2159 1150 2188; x_wconf 83' lang='lat'><strong>22.</strong></span> 
     </span>
    </p>
   </div>
   <div class='ocr_carea' id='block_1_8' title="bbox 250 2225 1922 2496">
    <p class='ocr_par' dir='ltr' id='par_1_8' title="bbox 250 2225 1922 2496">
     <span class='ocr_line' id='line_1_36' title="bbox 279 2225 1913 2278; baseline -0.002 -10"><span class='ocrx_word' id='word_1_380' title='bbox 279 2254 287 2260; x_wconf 85' lang='lat'><em>-</em></span> <span class='ocrx_word' id='word_1_381' title='bbox 332 2231 364 2268; x_wconf 90' lang='lat'><strong>1.</strong></span> <span class='ocrx_word' id='word_1_382' title='bbox 384 2231 446 2268; x_wconf 78' lang='lat'><strong>19.</strong></span> <span class='ocrx_word' id='word_1_383' title='bbox 504 2231 606 2276; x_wconf 76' lang='lat' dir='ltr'><strong>post</strong></span> <span class='ocrx_word' id='word_1_384' title='bbox 632 2230 856 2267; x_wconf 81' lang='lat' dir='ltr'><em>hommum</em></span> <span class='ocrx_word' id='word_1_385' title='bbox 892 2227 1163 2276; x_wconf 81' lang='lat' dir='ltr'><em>memoriam]</em></span> <span class='ocrx_word' id='word_1_386' title='bbox 1198 2226 1363 2267; x_wconf 85' lang='lat' dir='ltr'><strong>‘within</strong></span> <span class='ocrx_word' id='word_1_387' title='bbox 1395 2226 1466 2266; x_wconf 88' lang='lat' dir='ltr'><strong>the</strong></span> <span class='ocrx_word' id='word_1_388' title='bbox 1495 2238 1681 2278; x_wconf 87' lang='lat' dir='ltr'><strong>memory</strong></span> <span class='ocrx_word' id='word_1_389' title='bbox 1711 2225 1759 2265; x_wconf 92' lang='lat' dir='ltr'><strong>of</strong></span> <span class='ocrx_word' id='word_1_390' title='bbox 1785 2225 1913 2274; x_wconf 85' lang='lat' dir='ltr'><em>man,’</em></span> 
     </span>
     <span class='ocr_line' id='line_1_37' title="bbox 254 2278 1922 2334; baseline -0.002 -11"><span class='ocrx_word' id='word_1_391' title='bbox 254 2282 347 2323; x_wconf 88' lang='lat' dir='ltr'><strong>Cat.</strong></span> <span class='ocrx_word' id='word_1_392' title='bbox 372 2292 389 2320; x_wconf 93' lang='lat'>1</span> <span class='ocrx_word' id='word_1_393' title='bbox 408 2283 430 2330; x_wconf 66' lang='grc' dir='ltr'><strong>ἓ</strong></span> <span class='ocrx_word' id='word_1_394' title='bbox 447 2279 508 2327; x_wconf 88' lang='grc'><strong>16,</strong></span> <span class='ocrx_word' id='word_1_395' title='bbox 531 2281 580 2321; x_wconf 90' lang='lat' dir='ltr'><strong>cf.</strong></span> <span class='ocrx_word' id='word_1_396' title='bbox 602 2295 661 2320; x_wconf 91' lang='lat' dir='ltr'><strong>or.</strong></span> <span class='ocrx_word' id='word_1_397' title='bbox 682 2295 724 2334; x_wconf 94' lang='lat' dir='ltr'><strong>p.</strong></span> <span class='ocrx_word' id='word_1_398' title='bbox 746 2283 864 2321; x_wconf 87' lang='lat' dir='ltr'><strong>Balb.</strong></span> <span class='ocrx_word' id='word_1_399' title='bbox 889 2284 910 2329; x_wconf 66' lang='grc' dir='ltr'><strong>ἓ</strong></span> <span class='ocrx_word' id='word_1_400' title='bbox 932 2284 981 2321; x_wconf 89' lang='grc'><strong>28</strong></span> <span class='ocrx_word' id='word_1_401' title='bbox 1009 2283 1210 2333; x_wconf 75' lang='lat' dir='ltr'><em>superiore</em></span> <span class='ocrx_word' id='word_1_402' title='bbox 1235 2281 1476 2327; x_wconf 86' lang='lat' dir='ltr'><em>memoria,</em></span> <span class='ocrx_word' id='word_1_403' title='bbox 1507 2280 1573 2319; x_wconf 88' lang='lat' dir='ltr'><strong>‘in</strong></span> <span class='ocrx_word' id='word_1_404' title='bbox 1602 2281 1672 2319; x_wconf 88' lang='lat' dir='ltr'><strong>the</strong></span> <span class='ocrx_word' id='word_1_405' title='bbox 1698 2280 1856 2331; x_wconf 88' lang='lat' dir='ltr'><strong>history</strong></span> <span class='ocrx_word' id='word_1_406' title='bbox 1872 2278 1922 2319; x_wconf 92' lang='lat' dir='ltr'><strong>of</strong></span> 
     </span>
     <span class='ocr_line' id='line_1_38' title="bbox 252 2334 1911 2387; baseline -0.002 -11"><span class='ocrx_word' id='word_1_407' title='bbox 252 2337 403 2376; x_wconf 85' lang='lat' dir='ltr'><strong>former</strong></span> <span class='ocrx_word' id='word_1_408' title='bbox 431 2335 579 2381; x_wconf 87' lang='lat' dir='ltr'><strong>times‚’</strong></span> <span class='ocrx_word' id='word_1_409' title='bbox 607 2336 660 2375; x_wconf 94' lang='lat' dir='ltr'><strong>de</strong></span> <span class='ocrx_word' id='word_1_410' title='bbox 684 2335 753 2374; x_wconf 89' lang='lat' dir='ltr'><strong>off.</strong></span> <span class='ocrx_word' id='word_1_411' title='bbox 775 2346 831 2375; x_wconf 92' lang='lat'><strong>111</strong></span> <span class='ocrx_word' id='word_1_412' title='bbox 851 2337 872 2383; x_wconf 66' lang='grc' dir='ltr'><strong>ἓ</strong></span> <span class='ocrx_word' id='word_1_413' title='bbox 895 2346 916 2385; x_wconf 85' lang='grc'><strong>5</strong></span> <span class='ocrx_word' id='word_1_414' title='bbox 936 2335 1128 2387; x_wconf 64' lang='lat' dir='ltr'><em>princeps</em></span> <span class='ocrx_word' id='word_1_415' title='bbox 1147 2335 1276 2374; x_wconf 78' lang='lat' dir='ltr'><em>huius</em></span> <span class='ocrx_word' id='word_1_416' title='bbox 1294 2334 1550 2374; x_wconf 90' lang='lat' dir='ltr'><em>memoriae</em></span> <span class='ocrx_word' id='word_1_417' title='bbox 1564 2334 1911 2385; x_wconf 76' lang='lat' dir='ltr'><em>philosophorum,</em></span> 
     </span>
     <span class='ocr_line' id='line_1_39' title="bbox 252 2388 1916 2460; baseline -0.001 -32"><span class='ocrx_word' id='word_1_418' title='bbox 252 2391 305 2430; x_wconf 90' lang='lat' dir='ltr'><strong>de</strong></span> <span class='ocrx_word' id='word_1_419' title='bbox 332 2390 435 2460; x_wconf 89' lang='lat' dir='ltr'><em>imp.</em></span> <span class='ocrx_word' id='word_1_420' title='bbox 456 2390 601 2442; x_wconf 89' lang='lat' dir='ltr'><strong>Pomp.</strong></span> <span class='ocrx_word' id='word_1_421' title='bbox 627 2390 649 2438; x_wconf 63' lang='grc' dir='ltr'>ἓ</span> <span class='ocrx_word' id='word_1_422' title='bbox 670 2399 720 2440; x_wconf 86' lang='lat'><strong>54</strong></span> <span class='ocrx_word' id='word_1_423' title='bbox 749 2403 874 2442; x_wconf 83' lang='lat' dir='ltr'><em>usque</em></span> <span class='ocrx_word' id='word_1_424' title='bbox 899 2389 957 2429; x_wconf 87' lang='lat' dir='ltr'><strong>ad</strong></span> <span class='ocrx_word' id='word_1_425' title='bbox 980 2396 1163 2429; x_wconf 86' lang='lat' dir='ltr'><em>nostram</em></span> <span class='ocrx_word' id='word_1_426' title='bbox 1190 2388 1484 2436; x_wconf 86' lang='lat' dir='ltr'><em>memoriam,</em></span> <span class='ocrx_word' id='word_1_427' title='bbox 1513 2388 1584 2428; x_wconf 90' lang='lat' dir='ltr'><strong>i.e.</strong></span> <span class='ocrx_word' id='word_1_428' title='bbox 1613 2389 1916 2440; x_wconf 85' lang='lat' dir='ltr'><strong>‘cotemporary</strong></span> 
     </span>
     <span class='ocr_line' id='line_1_40' title="bbox 250 2442 435 2496; baseline -0.006 -12"><span class='ocrx_word' id='word_1_429' title='bbox 250 2442 435 2496; x_wconf 60' lang='lat' dir='ltr'><strong>history!</strong></span> 
     </span>
    </p>
   </div>
   <div class='ocr_carea' id='block_1_9' title="bbox 251 2520 1915 2844">
    <p class='ocr_par' dir='ltr' id='par_1_9' title="bbox 251 2520 1915 2844">
     <span class='ocr_line' id='line_1_41' title="bbox 330 2520 1915 2573; baseline -0.001 -11"><span class='ocrx_word' id='word_1_430' title='bbox 330 2524 361 2562; x_wconf 94' lang='lat'><strong>1.</strong></span> <span class='ocrx_word' id='word_1_431' title='bbox 385 2526 449 2562; x_wconf 86' lang='lat'><strong>21.</strong></span> <span class='ocrx_word' id='word_1_432' title='bbox 506 2524 724 2570; x_wconf 66' lang='lat' dir='ltr'><strong>qul—non</strong></span> <span class='ocrx_word' id='word_1_433' title='bbox 752 2520 928 2573; x_wconf 77' lang='lat' dir='ltr'><strong>sierint]</strong></span> <span class='ocrx_word' id='word_1_434' title='bbox 965 2522 1103 2562; x_wconf 89' lang='lat' dir='ltr'><strong>causal</strong></span> <span class='ocrx_word' id='word_1_435' title='bbox 1133 2520 1238 2573; x_wconf 91' lang='lat' dir='ltr'><strong>subj.</strong></span> <span class='ocrx_word' id='word_1_436' title='bbox 1311 2521 1403 2561; x_wconf 93' lang='lat' dir='ltr'><strong>The</strong></span> <span class='ocrx_word' id='word_1_437' title='bbox 1431 2526 1571 2560; x_wconf 89' lang='lat' dir='ltr'><strong>senate</strong></span> <span class='ocrx_word' id='word_1_438' title='bbox 1600 2520 1683 2560; x_wconf 88' lang='lat' dir='ltr'><strong>had</strong></span> <span class='ocrx_word' id='word_1_439' title='bbox 1714 2521 1862 2572; x_wconf 88' lang='lat' dir='ltr'><strong>passed</strong></span> <span class='ocrx_word' id='word_1_440' title='bbox 1889 2535 1915 2561; x_wconf 91' lang='lat' dir='ltr'><strong>a</strong></span> 
     </span>
     <span class='ocr_line' id='line_1_42' title="bbox 252 2574 1914 2628; baseline -0.001 -11"><span class='ocrx_word' id='word_1_441' title='bbox 252 2578 479 2617; x_wconf 84' lang='lat' dir='ltr'><em>consultum</em></span> <span class='ocrx_word' id='word_1_442' title='bbox 499 2577 589 2616; x_wconf 87' lang='lat' dir='ltr'><strong>that</strong></span> <span class='ocrx_word' id='word_1_443' title='bbox 608 2576 748 2628; x_wconf 92' lang='lat' dir='ltr'><strong>public</strong></span> <span class='ocrx_word' id='word_1_444' title='bbox 767 2576 1003 2628; x_wconf 87' lang='lat' dir='ltr'><strong>mourning</strong></span> <span class='ocrx_word' id='word_1_445' title='bbox 1006 2576 1153 2615; x_wconf 89' lang='lat' dir='ltr'><strong>should</strong></span> <span class='ocrx_word' id='word_1_446' title='bbox 1179 2576 1232 2614; x_wconf 90' lang='lat' dir='ltr'><strong>be</strong></span> <span class='ocrx_word' id='word_1_447' title='bbox 1251 2588 1379 2620; x_wconf 87' lang='lat' dir='ltr'><strong>worn,</strong></span> <span class='ocrx_word' id='word_1_448' title='bbox 1400 2575 1522 2614; x_wconf 89' lang='lat' dir='ltr'><strong>when</strong></span> <span class='ocrx_word' id='word_1_449' title='bbox 1542 2574 1627 2614; x_wconf 92' lang='lat' dir='ltr'><strong>Cic.</strong></span> <span class='ocrx_word' id='word_1_450' title='bbox 1652 2587 1736 2614; x_wconf 89' lang='lat' dir='ltr'><strong>was</strong></span> <span class='ocrx_word' id='word_1_451' title='bbox 1761 2575 1914 2615; x_wconf 83' lang='lat' dir='ltr'><strong>threat-</strong></span> 
     </span>
     <span class='ocr_line' id='line_1_43' title="bbox 253 2628 1914 2682; baseline -0.001 -13"><span class='ocrx_word' id='word_1_452' title='bbox 253 2630 359 2670; x_wconf 81' lang='lat' dir='ltr'><strong>ened</strong></span> <span class='ocrx_word' id='word_1_453' title='bbox 376 2630 478 2670; x_wconf 86' lang='lat' dir='ltr'><strong>with</strong></span> <span class='ocrx_word' id='word_1_454' title='bbox 501 2631 669 2682; x_wconf 88' lang='lat' dir='ltr'><strong>danger,</strong></span> <span class='ocrx_word' id='word_1_455' title='bbox 692 2631 767 2669; x_wconf 90' lang='lat' dir='ltr'><strong>but</strong></span> <span class='ocrx_word' id='word_1_456' title='bbox 793 2631 863 2669; x_wconf 90' lang='lat' dir='ltr'><strong>the</strong></span> <span class='ocrx_word' id='word_1_457' title='bbox 888 2630 1052 2669; x_wconf 89' lang='lat' dir='ltr'><strong>consuls</strong></span> <span class='ocrx_word' id='word_1_458' title='bbox 1071 2630 1243 2669; x_wconf 89' lang='lat' dir='ltr'><strong>forbade</strong></span> <span class='ocrx_word' id='word_1_459' title='bbox 1262 2629 1306 2668; x_wconf 91' lang='lat' dir='ltr'><strong>it.</strong></span> <span class='ocrx_word' id='word_1_460' title='bbox 1369 2628 1433 2668; x_wconf 89' lang='lat' dir='ltr'><strong>Cf.</strong></span> <span class='ocrx_word' id='word_1_461' title='bbox 1457 2641 1516 2667; x_wconf 89' lang='lat' dir='ltr'><strong>or.</strong></span> <span class='ocrx_word' id='word_1_462' title='bbox 1536 2628 1579 2667; x_wconf 89' lang='lat' dir='ltr'><strong>in</strong></span> <span class='ocrx_word' id='word_1_463' title='bbox 1602 2628 1680 2667; x_wconf 92' lang='lat' dir='ltr'><strong>Pis.</strong></span> <span class='ocrx_word' id='word_1_464' title='bbox 1705 2630 1727 2675; x_wconf 66' lang='grc' dir='ltr'>ἓ</span> <span class='ocrx_word' id='word_1_465' title='bbox 1747 2631 1793 2668; x_wconf 87' lang='grc'><strong>18</strong></span> <span class='ocrx_word' id='word_1_466' title='bbox 1822 2643 1914 2667; x_wconf 85' lang='lat' dir='ltr'><strong>cum</strong></span> 
     </span>
     <span class='ocr_line' id='line_1_44' title="bbox 251 2682 1914 2723; baseline -0.001 0"><span class='ocrx_word' id='word_1_467' title='bbox 251 2689 417 2723; x_wconf 85' lang='lat' dir='ltr'><em>senatus</em></span> <span class='ocrx_word' id='word_1_468' title='bbox 440 2685 597 2723; x_wconf 88' lang='lat' dir='ltr'><em>luctum</em></span> <span class='ocrx_word' id='word_1_469' title='bbox 621 2697 670 2722; x_wconf 89' lang='lat' dir='ltr'><strong>ac</strong></span> <span class='ocrx_word' id='word_1_470' title='bbox 692 2685 866 2723; x_wconf 87' lang='lat' dir='ltr'><em>dolorem</em></span> <span class='ocrx_word' id='word_1_471' title='bbox 891 2697 1013 2722; x_wconf 87' lang='lat' dir='ltr'><em>suum</em></span> <span class='ocrx_word' id='word_1_472' title='bbox 1039 2683 1189 2722; x_wconf 84' lang='lat' dir='ltr'><em>vestis</em></span> <span class='ocrx_word' id='word_1_473' title='bbox 1217 2683 1492 2721; x_wconf 87' lang='lat' dir='ltr'><em>mutatione</em></span> <span class='ocrx_word' id='word_1_474' title='bbox 1518 2682 1809 2721; x_wconf 86' lang='lat' dir='ltr'><em>declarandum</em></span> <span class='ocrx_word' id='word_1_475' title='bbox 1826 2696 1914 2722; x_wconf 89' lang='lat' dir='ltr'><em>cen-</em></span> 
     </span>
     <span class='ocr_line' id='line_1_45' title="bbox 252 2735 1914 2789; baseline 0 -14"><span class='ocrx_word' id='word_1_476' title='bbox 252 2738 592 2777; x_wconf 83' lang='lat' dir='ltr'><em>suisset...edicere</em></span> <span class='ocrx_word' id='word_1_477' title='bbox 619 2742 677 2777; x_wconf 88' lang='lat' dir='ltr'><em>est</em></span> <span class='ocrx_word' id='word_1_478' title='bbox 706 2751 833 2776; x_wconf 88' lang='lat' dir='ltr'><em>ausus</em></span> <span class='ocrx_word' id='word_1_479' title='bbox 868 2735 996 2789; x_wconf 91' lang='lat' dir='ltr'><strong>(Piso)</strong></span> <span class='ocrx_word' id='word_1_480' title='bbox 1031 2750 1124 2775; x_wconf 89' lang='lat' dir='ltr'><strong>cum</strong></span> <span class='ocrx_word' id='word_1_481' title='bbox 1156 2737 1226 2776; x_wconf 90' lang='lat' dir='ltr'><em>illo</em></span> <span class='ocrx_word' id='word_1_482' title='bbox 1257 2750 1330 2775; x_wconf 85' lang='lat' dir='ltr'><strong>suo</strong></span> <span class='ocrx_word' id='word_1_483' title='bbox 1351 2736 1469 2788; x_wconf 84' lang='lat' dir='ltr'><em>pari,</em></span> <span class='ocrx_word' id='word_1_484' title='bbox 1502 2740 1554 2774; x_wconf 82' lang='lat' dir='ltr'><strong>ut</strong></span> <span class='ocrx_word' id='word_1_485' title='bbox 1581 2741 1743 2775; x_wconf 85' lang='lat' dir='ltr'><em>senatus</em></span> <span class='ocrx_word' id='word_1_486' title='bbox 1774 2742 1914 2775; x_wconf 86' lang='lat' dir='ltr'><em>contra</em></span> 
     </span>
     <span class='ocr_line' id='line_1_46' title="bbox 251 2789 1905 2844; baseline 0 -14"><span class='ocrx_word' id='word_1_487' title='bbox 251 2791 378 2844; x_wconf 82' lang='lat' dir='ltr'><em>qu&#39;am</em></span> <span class='ocrx_word' id='word_1_488' title='bbox 427 2791 510 2844; x_wconf 55' lang='lat' dir='ltr'><em>ipse</em></span> <span class='ocrx_word' id='word_1_489' title='bbox 553 2790 769 2831; x_wconf 78' lang='lat' dir='ltr'><em>censuisset</em></span> <span class='ocrx_word' id='word_1_490' title='bbox 805 2791 871 2831; x_wconf 87' lang='lat' dir='ltr'><strong>ad</strong></span> <span class='ocrx_word' id='word_1_491' title='bbox 906 2791 1140 2832; x_wconf 81' lang='lat' dir='ltr'><em>vestitum</em></span> <span class='ocrx_word' id='word_1_492' title='bbox 1180 2790 1649 2831; x_wconf 79' lang='lat' dir='ltr'><strong>rediret...Maerorcm</strong></span> <span class='ocrx_word' id='word_1_493' title='bbox 1689 2789 1905 2842; x_wconf 84' lang='lat' dir='ltr'><em>relinquis,</em></span> 
     </span>
    </p>
   </div>
  </div>
 </body>
</html>
