2046 3112
148 156 435 205 XXXVIII
470 156 495 220 ἓ
518 153 604 223 93]
863 155 1119 206 NOTES
1724 169 1813 216 1³91

145 268 196 302 ut
213 262 324 302 mihi
340 268 424 302 tam
445 264 578 303 multa
598 270 676 315 pro
693 275 734 302 se
746 268 931 315 perpesso
948 267 1068 315 atque
1082 260 1297 314 perfuncto
1321 259 1552 306 concederet,
1577 263 1626 298 ut
1641 258 1816 311 officium

146 330 295 363 meum,
317 330 605 369 memoremque
625 318 672 357 in
691 318 786 357 bene
811 317 973 356 meritos
997 316 1186 355 animum
1197 315 1402 366 fidemque
1411 314 1576 365 fratris
1601 313 1681 352 mei
1696 319 1817 363 prae-

145 375 307 416 starem,
327 384 495 422 eumque
522 385 637 423 quem
665 372 814 411 bonum
840 371 966 410 civem
994 377 1146 421 semper
1170 369 1383 416 habuisset,
1408 368 1557 407 bonum
1577 367 1722 406 virum
1741 379 1818 406 esse

136 430 361 476 pateretur.
420 425 600 465 Videbat
629 426 754 478 igitur
781 425 858 464 sibi
885 424 1053 477 quidem
1076 424 1305 463 conducere
1325 422 1397 462 sed
1423 435 1506 460 non
1533 421 1589 460 rei
1614 434 1674 472 p.‚
1697 427 1742 459 ut
1762 421 1815 459 ad

146 488 198 517 111
219 479 398 518 virorum
418 479 673 519 voluntatem
693 493 781 520 sese
800 479 1042 531 adgregaret
1058 491 1071 527 3
1095 491 1198 531 quos
1210 484 1349 517 tamen
1364 475 1447 516 suis
1463 475 1612 528 opibus
1627 487 1816 514 coercere

145 545 230 572 non
250 531 440 585 poterat.’
496 543 751 573 GARATONI.

224 615 255 652 1.
276 618 337 654 29.
393 612 839 663 metus—tulissem]
866 611 918 653 cf.
935 626 994 661 or.
1011 625 1053 665 p.
1076 612 1198 652 Rosc.
1216 610 1315 651 Am.
1335 611 1357 659 ἓ
1378 620 1450 661 107
1463 615 1626 662 partem
1638 609 1817 661 praedae

145 667 388 714 tulerunt,
426 669 532 709 Hor.
570 669 650 719 Ep.
682 678 696 706 1
724 678 784 716 17,
818 682 872 718 44
899 680 1033 707 coram
1062 679 1150 718 rege
1173 679 1249 705 sua
1278 667 1325 705 de
1341 670 1584 716 paupertate
1611 670 1824 717 querentes,

137 722 238 773 plus
268 728 449 773 poscente
470 722 622 773 feren
631 727 658 770 t,
690 722 786 774 Juv.
819 723 908 762 Sat.
941 730 1030 760 X111
1066 733 1139 771 105
1170 721 1239 759 ille
1267 732 1420 758 crucem
1447 719 1600 758 sceleris
1629 719 1816 770 pretium

146 776 277 824 tulit,
302 777 368 815 lzic
385 776 587 826 diadema,
607 776 665 815 ib.
687 786 775 815 V111
801 788 815 815 1
829 788 891 830 19,
914 785 964 815 lx
984 786 1035 827 39
1054 775 1149 814 lzaec
1167 774 1309 824 tribui,
1333 773 1477 813 deinde
1497 773 1573 813 illa
1595 773 1701 819 dedi,
1722 785 1819 812 mox

137 830 270 882 plura
298 831 481 870 tulisti.

225 913 256 950 1.
280 915 344 950 31.
398 910 575 960 ut—ut]
603 911 674 950 the
694 910 847 951 second
867 916 916 949 ut
937 910 971 950 is
997 923 1022 950 a
1046 922 1159 949 mere
1185 908 1406 961 repetition
1431 907 1482 947 of
1503 907 1573 947 the
1600 911 1650 946 ut
1674 906 1817 946 before

145 965 352 1016 quoniam,
377 965 457 1005 due
477 971 520 1005 to
541 967 611 1004 the
631 965 774 1017 length
794 966 842 1004 of
865 965 935 1004 the
955 964 1215 1015 intervening
1240 963 1389 1002 clause.
1447 963 1531 1001 For
1550 962 1755 1000 instances
1774 960 1823 1000 of

146 1019 256 1125 {iliez
266 1020 627 1122 rffffissgognssfluf-
647 1019 709 1059 for
729 1017 945 1059 clearness'
961 1019 1061 1058 sake
1080 1031 1148 1058 see
1167 1019 1238 1058 the
1257 1030 1348 1057 exx.
1369 1017 1524 1070 quoted
1543 1016 1599 1069 by
1618 1016 1688 1055 Mr
1707 1015 1817 1055 Reid

197 1101 207 1111 ο
261 1102 270 1111 ο
573 1102 581 1112 ο
608 1098 643 1124 l·

226 1157 497 1195 consulerem
524 1155 650 1204 meis]
679 1156 700 1203 §
722 1154 821 1204 241.
847 1153 910 1203 16,
931 1156 952 1203 §
974 1156 1024 1208 89
1043 1154 1072 1195 1.
1101 1153 1150 1195 16
1169 1167 1209 1195 n.

225 1238 254 1276 1.
280 1241 343 1275 32.
398 1246 480 1284 pro
508 1247 572 1284 eo,
608 1237 843 1286 quantum]
873 1237 925 1276 de
945 1235 1017 1276 fin.
1039 1246 1088 1275 1v
1114 1238 1136 1284 §J
1158 1235 1209 1287 58
1237 1247 1360 1288 eaque
1377 1240 1471 1287 pro
1497 1247 1547 1275 eo
1573 1238 1816 1286 quantum

145 1291 365 1343 t‘n'quoque
380 1292 434 1329 sit
447 1291 640 1342 ponderis
656 1305 733 1330 esse
750 1292 1018 1339 aestimanda,
1042 1304 1108 1342 ep.
1130 1291 1183 1329 ad
1204 1290 1300 1330 fam.
1327 1300 1384 1330 111
1406 1303 1444 1341 3,
1471 1301 1492 1328 2
1521 1290 1702 1342 equzdem
1722 1294 1818 1340 pro

144 1358 203 1394 eo,
225 1345 409 1397 quanti
434 1351 471 1385 te
484 1345 616 1397 facio,
640 1346 849 1398 quidquid
851 1345 999 1397 feceris
1017 1345 1253 1397 adprobabo.

225 1443 248 1490 ξ
276 1446 359 1491 93,
391 1444 422 1482 1.
446 1446 507 1482 33.
564 1445 673 1490 quid.
686 1441 725 1495 ⁴2]
794 1442 884 1482 Cic.
915 1442 1066 1481 refutes
1095 1440 1166 1481 the
1196 1439 1406 1493 objection
1435 1439 1484 1480 of
1514 1439 1818 1492 inconsistency

145 1495 188 1536 in
203 1497 279 1536 *the
298 1510 410 1536 same
429 1510 522 1549 way
539 1496 583 1536 in
603 1510 669 1550 ep.
690 1497 744 1537 ad
764 1497 861 1537 fam.
887 1506 903 1535 1
926 1509 951 1549 9
970 1498 991 1545 §
1011 1507 1074 1547 17.

224 1595 281 1631 ΞΡ.-
299 1594 385 1636 38,
405 1593 435 1629 1.
457 1594 496 1629 1.
552 1591 615 1640 et]
643 1591 743 1630 used
764 1590 1054 1642 explicatively
1067 1590 1130 1630 for
1149 1603 1203 1630 an
1224 1588 1482 1629 adversative
1500 1587 1688 1640 particle.
1747 1586 1814 1627 Cf.

145 1644 438 1738 ῗθῖἔξέῃξῖὲ.
462 1658 525 1695 22,
550 1646 603 1686 de
621 1646 689 1686 off.
714 1656 731 1685 1
752 1647 773 1695 ἓ
795 1658 859 1692 22,
881 1647 902 1694 ξ
923 1645 990 1697 64,
1012 1656 1048 1685 11
1073 1647 1094 1694 ἓ
1117 1656 1182 1696 54,
1208 1645 1260 1684 de
1279 1657 1366 1685 sen.
1391 1646 1412 1693 ἓ
1434 1644 1484 1683 28
1503 1643 1531 1682 l.
1558 1656 1604 1694 13
1627 1641 1728 1682 with
1747 1643 1816 1681 Mr

225 1785 254 1822 1.
280 1787 318 1823 2.
374 1783 974 1833 requires]-.-desiderabis‚
1000 1782 1109 1822 ‘will
1131 1796 1213 1835 you
1238 1779 1336 1821 seek
1355 1780 1399 1820 in
1425 1780 1518 1820 vain
1541 1778 1634 1829 for,’
1666 1778 1814 1828 ‘miss‚’

144 1836 216 1877 i.e.
255 1837 340 1876 will
360 1851 441 1888 you
468 1838 551 1877 still
579 1837 710 1877 affirm
739 1839 828 1878 that
857 1839 876 1877 Ι
906 1838 1013 1877 have
1038 1838 1119 1877 lost
1144 1850 1214 1888 my
1232 1836 1414 1887 liberty?
1470 1835 1535 1875 Cf.
1558 1849 1615 1874 or.
1637 1848 1680 1886 p.
1703 1836 1813 1874 Mur.

145 1893 167 1940 ἓ
199 1890 248 1931 61
271 1905 374 1943 quae
406 1905 721 1944 nonnumquam
751 1893 1070 1944 requirimus,
1107 1905 1151 1930 ea
1180 1896 1282 1930 sunt
1303 1890 1445 1929 omnia
1471 1903 1554 1928 non
1584 1902 1610 1928 a
1640 1895 1810 1937 natura,

145 1958 290 1985 verum
320 1959 346 1984 a
378 1947 584 1997 magistro,
620 1947 672 1986 de
705 1947 785 1999 leg.
814 1948 930 1986 Man.
962 1949 983 1995 ἕ
1011 1945 1037 1985 6
1068 1946 1217 1998 quibus
1245 1945 1407 1984 amissis
1426 1943 1544 1997 pacis
1571 1949 1815 1983 ornamenta

145 2000 427 2052 requiretis,
454 2001 578 2039 Tusc.
597 2010 628 2039 v
650 2002 671 2049 ἕ
695 2014 759 2053 23,
783 2001 899 2041 Verr.
926 2010 963 2040 11
986 2012 1008 2051 5
1029 2002 1050 2050 ἓ
1075 2011 1165 2049 172.
1813 2014 1814 2017 ’

226 2091 361 2128 quam
381 2083 436 2120 tu
458 2083 587 2128 ponis
611 2084 660 2120 111
685 2092 746 2130 eo,
779 2084 818 2121 s1
843 2081 945 2131 ceta]
975 2085 985 2104 ⁶
1003 2081 1140 2121 which
1161 2094 1243 2133 you
1270 2080 1393 2120 make
1417 2079 1583 2132 depend
1602 2092 1716 2132 upon
1741 2093 1812 2131 my

145 2135 388 2187 continuing
416 2141 460 2174 to
488 2136 592 2187 fight
619 2142 663 2175 to
691 2136 761 2175 the
781 2137 862 2176 end
892 2136 992 2175 with
1014 2136 1133 2175 those
1158 2135 1260 2174 with
1286 2136 1424 2174 whom
1451 2134 1472 2173 I
1499 2136 1605 2174 have
1631 2140 1673 2173 at
1697 2147 1812 2173 some

144 2190 245 2228 time
277 2202 325 2228 or
356 2190 475 2229 other
506 2190 750 2241 quarrelled.
807 2191 890 2229 Far
914 2191 1160 2230 otherwise:
1197 2189 1261 2229 for
1290 2203 1353 2229 we
1383 2189 1512 2241 ought
1543 2195 1588 2228 to
1625 2189 1814 2228 consider

144 2244 352 2283 ourselves
371 2257 415 2283 as
435 2244 630 2295 standing
651 2258 707 2283 on
726 2258 750 2283 a
769 2251 853 2284 sort
876 2244 924 2284 of
945 2245 1076 2284 wheel
1099 2244 1143 2283 in
1165 2250 1271 2283 state
1294 2243 1442 2291 affairs,
1475 2244 1570 2291 and,
1596 2242 1811 2293 revolving

145 2310 190 2336 as
209 2297 240 2337 it
260 2298 372 2347 does,
396 2311 459 2337 we
479 2298 627 2338 should
647 2298 772 2338 select
791 2299 881 2338 that
902 2305 995 2351 part
1015 2305 1059 2338 to
1079 2298 1216 2338 which
1235 2298 1306 2337 the
1325 2298 1494 2337 interest
1515 2297 1596 2336 and
1618 2296 1749 2347 safety
1769 2296 1817 2335 of

146 2352 216 2391 the
246 2358 350 2391 state
384 2352 490 2391 shall
513 2352 619 2392 have
642 2353 823 2392 directed
848 2351 924 2392 us.'
981 2353 1062 2392 We
1080 2352 1186 2391 have
1206 2353 1274 2392 the
1295 2366 1407 2392 same
1426 2351 1645 2403 metaphor
1671 2351 1713 2389 in
1742 2364 1806 2402 ep.

146 2407 199 2445 ad
219 2406 310 2445 Att.
340 2416 375 2445 11
403 2419 428 2458 9
459 2408 480 2454 ἓ
504 2420 521 2446 1
544 2407 704 2458 jesum,
739 2407 846 2446 mz'lzi
879 2407 1001 2456 crede,
1031 2412 1068 2446 et
1094 2407 1249 2446 minore
1275 2407 1414 2446 sonitu
1443 2418 1569 2458 quam
1590 2411 1810 2458 putaram,

145 2460 252 2500 orbis
268 2461 333 2499 hic
350 2461 397 2499 in
417 2474 461 2499 re
470 2467 516 2512 p.
540 2466 599 2499 est
614 2474 838 2510 conversus,
862 2462 985 2500 citius
1002 2461 1171 2501 omnino
1189 2474 1316 2513 quam
1336 2460 1524 2512 oportuit.

224 2552 253 2589 1.
277 2553 314 2589 3.
372 2553 488 2596 quod
507 2553 576 2589 est
593 2552 722 2596 longe
741 2549 882 2599 secus]
911 2549 955 2589 in
979 2549 1051 2589 the
1077 2549 1227 2602 speech
1246 2562 1322 2601 pro
1344 2549 1450 2589 Rab.
1478 2549 1592 2588 Post.
1612 2550 1633 2597 ἓ
1655 2561 1702 2599 32
1726 2547 1814 2588 Cic.

146 2603 240 2644 tells
257 2617 304 2644 us
324 2603 412 2644 that
431 2605 484 2644 he
504 2605 603 2644 does
622 2611 696 2644 not
714 2610 858 2657 repent
878 2604 926 2644 of
947 2603 1101 2657 having
1120 2605 1306 2644 mortales
1324 2603 1581 2652 inimicitias,
1605 2605 1809 2656 sempiter-

147 2670 224 2697 nas
241 2664 461 2699 amzcztzas.

227 2742 260 2779 1.
292 2745 329 2781 δ.
399 2743 477 2787 qul
512 2739 1033 2793 quonlam]=quoniam
1070 2745 1234 2780 autem
1271 2739 1326 2787 is,
1364 2739 1517 2791 Zumpt
1549 2739 1623 2779 Gr.
1657 2739 1680 2787 ἓ
1714 2740 1806 2791 803.

152 2794 350 2834 Garatoni
367 2808 580 2848 compares
607 2809 664 2836 or.
697 2796 739 2835 in
764 2796 880 2835 Verr.
914 2805 929 2835 1
957 2798 978 2844 ἓ
1004 2806 1053 2846 25
1085 2795 1239 2834 Siculos
1265 2794 1313 2834 in
1337 2808 1379 2833 eo
1405 2807 1505 2833 sane
1522 2794 1660 2833 liberos
1677 2793 1816 2845 fuisse

153 2848 320 2899 (audio),
334 2849 411 2902 qui
427 2849 682 2903 quamobrem
701 2855 1001 2890 arcesserentur
1017 2862 1122 2890 cum
1152 2849 1512 2901 intellegerent,
1530 2861 1622 2888 non
1642 2848 1808 2897 venisse,
