2046 3112
181 116 242 157 24
508 102 513 129 ³
599 99 676 148 M.
722 101 946 149 TVLLI
988 67 1394 153 CICERONIS
1549 101 1746 170 [xxrv
1772 106 1833 168 58

178 211 374 257 mortuo
399 209 589 272 Congo,
614 225 731 268 non,
757 218 812 258 ut
836 207 1026 272 opinor,
1052 209 1303 270 admirere,
1333 227 1446 260 cum
1480 227 1572 275 ego
1604 211 1708 275 ipse
1732 220 1839 260 non'

177 290 443 337 abhorrens
484 307 515 337 a
555 288 717 338 studio
763 289 1066 351 antiquitatis
1106 307 1188 339 me
1227 290 1308 338 hic
1347 290 1399 340 id
1439 308 1497 340 ex
1533 301 1581 341 te
1622 293 1834 355 primum

178 369 371 418 audisse
407 372 652 418 confitear.
731 379 781 435 et
815 369 1051 431 quoniam
1086 379 1170 419 tua
1204 371 1294 420 fuit
1329 373 1612 434 perelegans
1649 382 1698 421 et
1732 388 1837 436 per-

179 450 368 498 subtilis
393 450 565 508 oratio,
594 451 742 513 digna
774 451 951 513 equitis
977 452 1194 500 Romani
1219 454 1297 501 vel
1333 453 1497 502 studio
1521 454 1599 502 vel
1630 454 1834 516 pudore,

181 530 514 592 quoniamque
551 530 620 578 sic
651 532 714 579 ab
750 530 824 578 his
858 547 909 579 es
941 531 1150 591 auditus,
1176 541 1229 580 ut
1261 549 1468 595 magnus
1499 535 1659 581 honos
1688 542 1737 581 et
1768 531 1838 580 in·
1882 554 1900 584 ⁵

179 611 324 674 genio
350 621 399 660 et
422 611 712 660 humanitati
736 621 850 660 tuae
874 611 1174 671 tribueretur,
1192 615 1506 676 respondebo
1530 615 1595 663 ad
1619 630 1689 673 ea,
1711 630 1837 676 quae

181 693 356 753 dixisti,
384 710 510 756 quae
550 695 781 756 pleraque
823 695 886 742 de
923 693 1030 757 ipso
1067 711 1148 743 me
1188 696 1411 744 fuerunt:
1446 695 1497 743 in
1533 696 1708 759 quibus
1744 696 1838 759 ipsi

181 774 349 834 aculei,
375 776 416 822 si
451 791 574 837 quos
610 774 823 823 habuisti
857 775 908 822 in
943 792 1024 823 me
1059 777 1481 838 reprehendendo,
1519 786 1684 825 tamen
1719 776 1839 824 mihi

98 859 158 904 50
183 873 282 904 non
300 856 473 919 ingrati
492 856 787 904 acciderunt.
843 856 1073 918 quaesisti
1092 866 1254 905 utrum
1273 858 1391 905 mihi
1409 867 1645 920 putarem,
1665 857 1838 920 equitis

184 937 396 986 Romani
421 937 535 996 filio,
557 937 822 985 faciliorem
846 938 995 986 fuisse
1019 939 1083 987 ad
1107 939 1455 1001 adipiscendos
1479 940 1691 988 honores
1709 939 1838 987 viam
1863 961 1900 981 ιο

181 1036 244 1066 an
268 1020 476 1067 futuram
504 1035 610 1067 esse
629 1018 728 1066 filio
753 1035 879 1077 meo,
902 1019 1015 1081 quia
1039 1030 1167 1068 esset
1193 1037 1220 1069 e
1243 1020 1428 1068 familia
1451 1019 1717 1069 consulari:
1747 1035 1840 1082 ego

179 1117 295 1149 vero
321 1117 621 1163 quamquam
645 1100 714 1149 illi
738 1100 904 1149 omnia
927 1103 1058 1150 malo
1083 1118 1231 1164 quam
1256 1102 1389 1162 mihi,
1410 1112 1578 1151 tamen
1596 1104 1840 1151 honorum

182 1181 342 1230 aditus
377 1199 647 1244 numquam
685 1181 753 1229 illi
789 1182 1028 1232 faciliores
1066 1183 1233 1246 optavi
1271 1201 1419 1246 quam
1466 1184 1584 1232 mihi
1631 1186 1837 1232 fuerunt.

183 1266 299 1327 quin
335 1264 496 1324 etiam,
523 1281 587 1312 ne
622 1266 746 1313 forte
781 1264 862 1313 ille
899 1264 991 1313 sibi
1026 1282 1106 1313 me
1142 1266 1306 1328 potius
1341 1265 1589 1328 peperisse
1623 1265 1722 1313 iam
1757 1265 1843 1313 ho-

183 1363 326 1394 nores
362 1363 510 1409 quam
546 1346 636 1394 iter
667 1348 1027 1395 demonstrasse
1063 1347 1494 1409 adipiscendorum
1528 1357 1681 1410 putet,
1718 1349 1842 1396 haec
1866 1364 1902 1394 ¹5

182 1428 252 1476 illi
276 1430 412 1477 soleo
436 1428 777 1491 praecipere—
788 1445 1086 1492 quamquam
1111 1431 1176 1478 ad
1200 1439 1462 1493 praecepta
1485 1440 1618 1478 aetas
1643 1446 1744 1477 non
1769 1442 1841 1478 est

183 1510 459 1573 grandis—,
487 1526 613 1572 quae
637 1526 722 1558 rex
746 1509 826 1558 ille
851 1527 880 1558 a
905 1512 1025 1559 Iove
1051 1519 1183 1559 ortus
1210 1511 1309 1559 suis
1334 1511 1584 1574 praecepit
1608 1511 1746 1559 filiis:

316 1593 615 1655 vigilandum
653 1603 725 1640 est
762 1609 982 1655 semper:
1023 1595 1208 1643 multae
1244 1594 1450 1643 insidiae
1487 1596 1600 1643 sunt
1633 1594 1787 1643 bonis.

185 1674 337 1723 nostis
362 1684 534 1722 cetera.
607 1676 811 1722 nonne?

317 1756 368 1804 id
404 1754 715 1817 quodmulti
750 1754 1014 1812 invideant,
1866 1778 1906 1799 20

187 1853 312 1899 quae
338 1835 528 1898 scripsit
558 1835 714 1898 gravis
739 1846 787 1884 et
812 1835 1091 1899 ingeniosus
1124 1846 1284 1899 poeta,
1314 1838 1504 1901 scripsit
1531 1854 1634 1887 non
1658 1848 1711 1887 ut
1734 1837 1844 1887 illos

185 1917 341 1981 regios
364 1933 556 1980 pueros,
582 1916 665 1979 qui
689 1916 785 1964 iam
810 1933 1052 1979 nusquam
1087 1927 1238 1976 erant,
1266 1920 1354 1967 sed
1386 1929 1439 1967 ut
1463 1935 1554 1967 nos
1579 1928 1627 1967 et
1651 1929 1844 1967 nostros

104 1999 166 2045 60
186 2000 365 2047 liberos
403 1998 466 2045 ad
507 1999 725 2045 laborem
769 2006 817 2045 et
854 1998 917 2046 ad
953 1998 1149 2046 laudern
1187 1998 1428 2047 excitaret.
1501 2000 1690 2061 quaeris
1727 1999 1845 2061 quid

186 2077 399 2141 potuerit
433 2077 642 2139 amplius
677 2076 883 2137 adsequi
917 2076 1160 2136 Plancius,
1180 2077 1239 2126 ‘si
1274 2081 1365 2128 Cn.
1405 2077 1644 2141 Scipionis
1678 2078 1845 2127 fuisset

187 2157 326 2205 filius.
397 2157 551 2218 magis
576 2155 745 2204 aedilis
771 2155 874 2204 fieri
904 2156 1293 2218 nonpotuisset,
1320 2159 1408 2206 sed
1439 2159 1534 2205 hoc
1564 2167 1842 2220 praestaret,
1867 2174 1906 2202 25

189 2237 322 2299 quod
355 2235 400 2284 ei
424 2235 584 2283 minus
608 2235 934 2284 invideretur:
971 2236 1154 2284 etenim
1173 2238 1417 2285 honorum
1442 2238 1618 2299 gradus
1643 2235 1846 2284 summis

188 2317 470 2366 hominibus
517 2327 566 2365 et
601 2315 778 2364 infimis
821 2323 933 2363 sunt
969 2331 1123 2378 pares,
1161 2316 1343 2378 gloriae
1380 2318 1607 2379 dispares.
1702 2318 1848 2363 XXV

190 2397 300 2456 quis
340 2397 560 2444 nostrum
599 2412 651 2444 se
699 2395 817 2444 dicit
865 2396 948 2444 M'.=
995 2393 1160 2454 Curio,
1205 2395 1313 2458 quis
1361 2397 1415 2445 C.
1463 2394 1700 2452 Fabricio,
1739 2394 1847 2456 quis

189 2478 245 2524 C.
292 2475 459 2523 Duilio
500 2475 705 2536 parem?
754 2473 862 2535 quis
905 2476 960 2521 A.
1004 2473 1154 2521 Atilio
1205 2473 1468 2522 Calatino?
1519 2472 1628 2535 quis
1670 2474 1759 2521 Cn.
1799 2483 1848 2520 et

192 2558 241 2604 P.
283 2555 629 2618 Scipionibus?
669 2554 781 2616 quis
808 2554 1054 2611 Africano,
1093 2556 1346 2614 Marcello,
1390 2554 1646 2603 Maximo?
1681 2562 1847 2602 tamen
1871 2571 1911 2600 30

191 2636 393 2683 eosdem
430 2651 596 2682 sumus
629 2635 872 2682 honorum
907 2634 1085 2696 gradus
1118 2649 1242 2695 quos
1268 2633 1335 2681 illi
1359 2632 1592 2682 adsecuti.
1663 2633 1846 2682 etenim
2036 2623 2046 2679 'l

191 2716 241 2764 in
265 2715 438 2764 virtute
474 2714 614 2763 rn'ulti
646 2725 768 2763 suntv
790 2730 1036 2772 ascensus,
1063 2723 1116 2762 ut
1139 2714 1178 2761 is
1203 2713 1414 2762 maxime
1445 2712 1597 2776 gloria
1627 2714 1850 2771 excellat,

193 2794 278 2860 qui
313 2795 488 2849 virtute
527 2793 793 2858 plurimum
832 2803 1076 2857 praestet:
1129 2794 1372 2842 honorum
1414 2792 1583 2857 populi
1628 2792 1738 2841 finis
1775 2805 1856 2843 est
