2046 3112
167 147 303 218 §84]
884 148 1143 201 NOTES
1747 159 1838 208 Ι77

169 260 258 310 §98
288 257 592 300 insatiabili
617 258 827 306 varietate,
852 258 958 299 Hor.
984 258 1069 299 Od.
1092 268 1108 298 1
1131 270 1168 309 3.
1187 269 1235 298 22
1258 269 1397 297 oceano
1423 254 1746 304 dissociabili,
1770 254 1839 295 i.e.

173 313 257 365 qui
279 312 546 362 dissociat,
567 314 692 366 Verg.
710 313 818 353 Aen.
835 322 865 352 x
882 315 956 363 481
972 311 1287 365 penetrabile
1305 311 1440 358 telum,
1456 309 1525 350 i.e.
1546 309 1675 363 quod
1698 322 1842 361 pene-

169 373 267 407 trat
286 381 297 415 ;
326 379 394 406 see
416 368 568 407 Munro
588 373 632 407 to
653 367 774 407 Lucr.
800 377 815 407 1
837 380 876 406 v.
903 379 965 414 11,
989 366 1189 417 Niigelsb.
1214 366 1284 406 lat.
1311 365 1405 406 Stil.
1426 377 1467 416 p.
1494 375 1585 413 322.
1628 363 1709 402 We
1729 363 1842 403 learn

167 420 272 461 from
305 421 376 461 the
407 422 520 461 Brut.
558 423 580 470 ἕ
611 432 686 474 190
716 421 805 460 that
839 420 881 460 in
910 434 1024 460 cases
1053 420 1174 460 when
1205 419 1321 460 there
1351 431 1459 458 were
1488 417 1646 457 several
1674 416 1841 457 counsel

167 475 369 526 engaged,
390 475 460 514 the
471 475 679 527 peroratio
698 488 782 514 was
804 475 874 514 lest
895 481 939 514 to
961 474 1070 514 Cic.:
1099 474 1177 526 qui
1197 472 1483 525 (Hortensius)
1503 485 1594 510 cum
1605 471 1845 523 partiretur

169 534 298 569 tecum
317 543 473 576 causas,
485 529 766 583 perorandi
781 528 926 577 locum,
953 528 1028 567 ubi
1034 528 1278 580 plurimum
1288 527 1418 581 pollet
1433 526 1575 575 oratio,
1594 531 1752 578 semper
1768 524 1847 565 tibi

172 583 434 636 relinquebat.

246 679 280 716 1.
314 682 378 717 13.
442 676 1028 727 declamatoro]=rhetore,
1071 675 1124 716 ‘a
1159 675 1408 717 rhetorician
1423 671 1456 723 ;'
1493 674 1565 714 the
1603 673 1717 713 word
1756 671 1843 713 first

169 744 287 772 came
314 732 402 771 into
429 745 563 784 vogue
588 732 633 771 in
652 731 734 771 this
760 745 879 771 sense
904 732 948 771 in
974 728 1156 771 Cicero's
1185 730 1298 779 time,
1322 743 1389 770 see
1410 729 1512 769 Otto
1535 727 1640 767 Iahn
1659 741 1714 767 on
1734 732 1836 766 orat.

168 788 191 835 ἓ
211 798 260 837 47
283 799 367 825 non
385 787 493 825 enim
513 786 890 825 declamatorem
917 786 1099 836 aliquem
1118 785 1166 824 de
1188 785 1284 824 ludo
1306 789 1384 823 aut
1402 783 1592 822 rabulam
1611 783 1659 821 de
1663 781 1762 834 foro
1779 780 1847 819 sed

167 840 444 880 doctissimum
477 845 516 880 et
542 839 886 892 perfectissimum
921 840 1173 891 quaerimus,
1213 839 1330 879 Brut.
1367 839 1389 886 §
1428 850 1508 888 310
1545 835 1844 875 commentabar

166 895 491 933 declamitans
524 893 599 943 (sic
626 893 736 932 enim
768 906 883 932 nunc
910 891 1156 945 loquuntur)
1185 898 1296 944 saepe
1320 905 1411 931 cum
1444 892 1508 931 M.
1544 890 1694 930 Pisone
1723 895 1763 929 et
1792 889 1841 938 Q.

165 949 353 1001 Pompeio
380 954 457 986 aut
483 961 576 986 cum
604 947 742 999 aliquo
769 948 957 999 quotidie,
992 948 1117 986 Tusc.
1139 956 1155 986 1
1176 948 1198 994 ἓ
1221 956 1256 998 7,
1281 959 1349 999 ep.
1374 945 1441 985 ad.
1463 945 1561 984 fam.
1584 954 1666 984 XVI
1688 957 1733 983 21
1757 945 1778 992 ἓ
1798 957 1837 997 9,

168 1002 261 1042 Iuv.
286 1012 367 1041 XVI
391 1015 412 1042 2
419 1015 456 1053 3,
478 1001 664 1053 Philipp.
685 1011 716 1040 v
735 1002 756 1049 ἓ
783 1013 829 1054 19
852 1001 934 1052 ipse
959 1001 1110 1041 interea
1135 1000 1409 1053 septemdecim
1434 1000 1519 1039 dies
1543 1000 1590 1038 in
1623 998 1842 1038 Tiburtino

166 1056 371 1107 Scipionis
407 1055 776 1101 declamitavit,
815 1055 935 1094 sitim
971 1067 1168 1107 quaerens
1180 1069 1199 1101 ;
1243 1055 1341 1094 haec
1375 1054 1487 1093 enim
1523 1053 1563 1093 ei
1606 1065 1730 1092 causa
1766 1064 1843 1091 esse

165 1109 484 1150 declamandi
517 1110 622 1149 solet.
679 1109 984 1149 Declamare
1019 1122 1163 1148 means
1199 1114 1244 1148 to
1285 1108 1438 1161 ‘speak
1477 1114 1549 1147 out
1576 1104 1730 1155 aloud,’
1773 1107 1842 1146 ‘to

166 1164 344 1217 practise
374 1161 581 1215 delivery'
603 1163 672 1211 (de
700 1162 771 1202 fin.
793 1173 840 1202 v.
869 1164 891 1211 fi
921 1175 943 1214 5
963 1177 1040 1214 quo
1069 1163 1118 1202 in
1146 1163 1226 1202 loco
1253 1163 1313 1201 ad
1322 1162 1508 1214 fluctum
1535 1162 1663 1201 aiunt
1688 1160 1840 1200 decla-

167 1232 306 1258 mare
330 1218 496 1257 solitum
520 1217 842 1265 Demosthenem,
868 1230 913 1256 ue
923 1217 1150 1269 fremitum
1173 1222 1406 1256 assuesceret
1429 1230 1517 1255 voce
1541 1215 1732 1263 vincere),
1753 1214 1841 1254 also

172 1274 241 1313 ‘to
270 1271 399 1324 speak
428 1271 471 1310 in
505 1271 647 1324 public
680 1271 723 1310 in
757 1284 782 1310 a
813 1271 925 1318 loud,
957 1271 1173 1323 brawling,
1207 1271 1290 1310 and
1329 1270 1558 1322 blustering
1585 1267 1707 1322 way,’
1737 1270 1759 1317 ἓ
1790 1279 1839 1320 75

166 1325 194 1366 l.
232 1337 269 1377 7,
303 1326 386 1365 and
420 1325 470 1365 cf.
501 1338 561 1365 or.
596 1339 638 1377 p.
675 1325 799 1365 Rosc.
835 1326 935 1364 Am.
963 1327 984 1373 ἕ
1015 1327 1062 1365 82
1091 1338 1196 1377 quae
1225 1324 1333 1364 mihi
1359 1325 1430 1364 iste
1456 1324 1572 1363 visus
1598 1330 1654 1363 est
1679 1337 1730 1362 ex
1755 1323 1843 1362 alia

165 1380 348 1421 oratione
373 1379 655 1427 declamare,
682 1379 800 1418 Verr.
834 1389 870 1419 11
899 1396 924 1430 4
952 1380 974 1427 ἓ
1008 1392 1083 1432 149
1110 1379 1181 1418 ille
1206 1379 1396 1427 insanus,
1429 1379 1502 1430 qui
1522 1384 1601 1429 pro
1628 1378 1703 1417 isto
1730 1377 1841 1416 velze-

166 1434 414 1474 mentissime
430 1439 572 1473 contra
592 1446 654 1472 me
674 1433 1012 1472 declamasset.
1071 1433 1219 1473 Cicero
1238 1433 1339 1473 calls
1358 1432 1528 1472 himself
1540 1432 1583 1471 in
1603 1431 1841 1484 opposition

167 1488 318 1528 laboris
348 1493 388 1527 et
404 1488 503 1539 fhri
532 1487 784 1538 discipulum
816 1491 826 1509 ‘
844 1500 869 1526 a
901 1500 1000 1526 man
1033 1487 1198 1527 trained
1229 1487 1273 1527 in
1303 1487 1374 1526 the
1400 1487 1475 1526 toil
1504 1486 1551 1525 of
1578 1486 1648 1525 the
1676 1483 1840 1535 forum,’

166 1542 326 1595 though
346 1541 582 1582 Laterensis
600 1542 803 1595 professes
824 1547 867 1581 to
887 1541 1079 1581 consider
1097 1542 1185 1582 him
1205 1555 1230 1582 a
1248 1554 1360 1581 mere
1379 1541 1637 1580 declamator.

247 1639 269 1688 ς
301 1643 387 1685 84,
418 1641 448 1679 1.
493 1643 556 1679 14.
615 1641 756 1679 Rhodi
795 1642 925 1688 enim,
968 1642 1130 1688 inquit,
1170 1649 1250 1685 ego
1286 1649 1376 1679 non
1412 1638 1495 1688 fui]
1551 1643 1593 1679 et
1630 1637 1841 1680 verissime

166 1699 329 1734 constat
349 1693 392 1732 in
413 1693 547 1745 prima
565 1693 847 1733 adulescentia
878 1694 1109 1734 Rhodum
1135 1694 1353 1746 navigasse
1384 1693 1446 1733 Μ.
1468 1692 1666 1741 Tullium,
1690 1699 1735 1733 ut
1755 1699 1842 1734 arte

166 1747 359 1794 oratoria,
382 1747 426 1787 in
447 1761 529 1800 qua
547 1747 763 1800 insigniter
781 1749 1001 1800 praestitit,
1023 1748 1253 1788 erudiretur
1273 1753 1374 1800 aput
1392 1747 1653 1787 notissimum
1674 1747 1840 1787 rhetora

165 1807 207 1842 et
236 1801 479 1853 magistrum
512 1802 624 1841 illius
658 1802 806 1842 aetatis
838 1803 1127 1854 Apollonium.
1191 1802 1278 1842 Hic
1309 1807 1370 1842 est
1401 1802 1473 1854 qui
1512 1802 1650 1840 Molo
1688 1815 1841 1853 cogno-

93 1883 95 1885 -
166 1855 346 1896 minatus
373 1861 450 1895 est.
507 1865 669 1895 SCHOL.
692 1865 794 1896 BOB.
853 1856 946 1896 The
975 1856 1120 1896 school
1150 1856 1198 1897 of
1221 1862 1388 1907 oratory
1415 1862 1459 1895 at
1488 1855 1671 1906 Rhodes,
1704 1855 1842 1896 which

164 1909 390 1950 flourished
409 1908 515 1950 until
536 1908 719 1950 Cicero’s
738 1924 828 1963 age,
853 1924 938 1951 was
957 1911 1141 1951 founded
1168 1911 1226 1964 by
1246 1910 1490 1951 Aeschines.

244 2007 278 2043 1.
306 2009 369 2044 15.
425 2004 538 2054 volt]
582 2003 785 2051 ‘asserts‚'
812 2004 1089 2052 ‘maintains‚’
1119 2007 1140 2054 ξ
1171 2018 1219 2059 19
1246 2005 1277 2046 l.
1300 2019 1365 2056 20,
1390 2019 1450 2047 or.
1479 2019 1522 2059 p.
1548 2005 1663 2046 Cael.
1684 2007 1706 2056 ἕ
1726 2015 1778 2057 53
1806 2006 1847 2046 si

164 2064 252 2100 tam
256 2059 501 2112 familiaris
519 2065 611 2099 erat
632 2060 797 2099 Clodiae
812 2073 941 2112 quam
960 2066 1007 2100 tu
1026 2074 1104 2100 esse
1121 2061 1212 2100 vis.

249 2155 584 2201 tui-putabam
617 2157 667 2193 in
703 2156 909 2195 'Vaccaeis
946 2155 1184 2206 dicturum]
1219 2155 1230 2176 ‘
1245 2156 1268 2196 I
1303 2155 1411 2196 have
1439 2155 1625 2196 been—I
1662 2156 1840 2209 thought

164 2206 219 2247 he
254 2220 339 2247 was
367 2208 497 2259 going
523 2214 567 2247 to
596 2221 669 2259 say
695 2222 850 2261 among
882 2210 952 2249 the
982 2211 1161 2250 Vaccaei
1175 2209 1267 2250 '—i.
1283 2224 1320 2250 e.
1349 2224 1503 2262 among
1539 2224 1654 2251 some
1690 2213 1841 2264 people

165 2261 312 2313 totally
330 2261 521 2313 ignorant
549 2261 597 2301 of
619 2263 690 2302 the
718 2269 781 2303 art
810 2263 857 2303 of
881 2265 1072 2304 rhetoric.
1134 2264 1226 2304 The
1254 2265 1472 2304 Vaccaei
1502 2278 1608 2304 were
1636 2279 1661 2304 a
1691 2265 1840 2318 people

165 2315 215 2355 of
237 2316 446 2367 Hispania
474 2316 795 2357 Tarraconensis
824 2331 879 2358 on
908 2318 979 2359 the
1006 2319 1114 2359 river
1143 2318 1310 2370 Durius,
1335 2319 1526 2359 between
1554 2320 1730 2360 Zamora
1756 2320 1841 2360 and

167 2369 427 2410 Salamanca.
483 2370 574 2411 Liv.
601 2380 686 2410 XXI
707 2383 729 2422 5
751 2373 772 2420 ἓ
794 2383 831 2423 5.

247 2467 315 2504 fui
351 2467 421 2504 bis
457 2467 507 2505 111
544 2465 769 2516 Bithynia]
817 2479 903 2507 non
940 2466 1216 2520 eloquentiae,
1255 2468 1329 2508 sed
1367 2467 1426 2508 rei
1463 2467 1632 2507 militari
1669 2481 1838 2521 operam

167 2517 350 2559 daturus.
414 2519 577 2568 Cicero,
617 2520 735 2560 Sulla
765 2534 852 2560 rem
890 2522 1102 2574 publicam
1141 2522 1367 2571 obtinente,
1401 2523 1513 2562 venit
1547 2522 1590 2562 in
1623 2523 1839 2563 Graeciam

166 2577 208 2612 et
246 2573 426 2613 Athenis
455 2574 711 2625 aliquamdiu
740 2582 1020 2616 commoratus
1047 2576 1145 2616 inde
1173 2577 1217 2616 in
1245 2577 1391 2616 Asiam
1429 2583 1470 2616 et
1500 2577 1697 2616 Rhodum
1725 2578 1838 2617 navi-

166 2626 290 2678 gavit,
315 2633 360 2666 ut
390 2627 638 2668 clarissimos
667 2628 867 2675 rhetores,
890 2630 960 2682 qui
988 2630 1033 2670 in
1062 2631 1112 2670 iis
1141 2631 1243 2670 locis
1273 2637 1402 2676 erant,
1424 2631 1692 2680 conveniret;
1722 2645 1836 2683 prae-

165 2680 285 2732 cipue
325 2681 465 2720 Rhodi
498 2682 771 2734 Apollonium
814 2683 1031 2724 Molonem
1069 2685 1460 2724 excellentissimum
1494 2685 1659 2724 dicendi
1688 2686 1837 2738 magis-

166 2739 274 2795 trum
312 2741 352 2775 et
395 2735 664 2775 Posidonium
693 2737 988 2790 philosophum
1018 2739 1190 2779 audivit.
1249 2739 1457 2778 Plutarch.
1492 2739 1534 2778 in
1565 2739 1654 2779 Cic.
1675 2753 1708 2779 c.
1731 2754 1756 2790 4
1786 2741 1837 2779 In

166 2787 402 2849 Bithynia
435 2803 534 2830 vero
565 2796 767 2842 quantum
802 2805 878 2843 per
907 2792 1060 2832 multos
1098 2806 1229 2832 annos
1262 2793 1418 2833 bellum
1449 2793 1582 2842 fuerit,
1619 2806 1714 2833 cum
1742 2807 1837 2846 rege

166 2840 412 2884 Mithridate
442 2858 468 2885 a
502 2844 619 2885 Sulla
657 2845 836 2886 Murena
873 2846 1052 2888 Lucullo
1083 2853 1260 2900 gestum,
1298 2861 1323 2889 a
1353 2847 1554 2901 Pompeio
1590 2847 1836 2896 confectum,

313 2933 372 2976 H.
1629 2944 1690 2981 12
