2046 3112
142 115 276 184 §33J
721 131 724 137 “
846 116 1107 167 NOTES.
1750 130 1811 179 95

219 226 421 276 Granius]
452 226 558 266 Inde
584 225 834 266 transcendit
857 225 910 264 ad
934 224 1170 277 exemplum
1195 222 1341 263 famosi
1368 222 1577 276 quondam
1603 223 1816 274 praeconis

140 280 195 331 Q.
227 281 401 321 Granii
440 287 479 320 et
514 280 702 333 adprime
734 279 992 327 dicacissimi‚
1028 291 1151 330 quem
1184 291 1279 317 curn
1312 278 1448 317 edicto
1481 277 1649 321 iustitio.
1680 277 1722 316 id
1755 285 1814 317 est

140 334 352 386 praedicto
390 334 433 373 in
471 347 514 373 re
546 347 588 386 p.
621 340 806 386 tempore
839 346 924 383 quo
958 332 1062 371 nihil
1100 338 1289 384 ageretur
1324 330 1506 370 civilium
1538 330 1810 381 negotiorum,

140 387 295 427 Nasica
325 387 467 427 consul
498 387 826 439 compellavisset
859 386 1027 426 obvium
1059 386 1135 425 sibi
1166 386 1270 425 sorte
1300 384 1532 424 venientem
1567 384 1815 437 dixissetque

139 441 393 481 ioculariter:
425 441 590 487 ‘Grani‚
618 441 716 493 quid
743 440 868 480 tristis
895 441 968 480 es?
1003 453 1057 479 an
1083 440 1194 491 quod
1226 439 1436 478 auctiones
1465 438 1638 478 reiectae
1668 437 1814 478 sunt?'

141 495 320 543 (Scimus
346 495 457 534 enim
486 495 758 547 praeconibus
783 494 992 533 auctiones
1020 494 1168 533 fructui
1193 506 1295 538 esse,
1326 493 1438 545 quod
1469 505 1543 544 per
1572 505 1642 531 eos
1675 493 1815 532 omnia

139 548 438 588 distrahantur:
486 549 559 588 illo
597 556 734 588 autem
773 547 929 588 iustitio
965 561 1042 587 nec
1079 547 1194 599 ipsae
1231 553 1420 599 poterant
1458 546 1676 594 exerce1·i)2
1719 546 1815 587 huic

140 602 186 642 P.
214 602 399 654 Scipioni
426 616 449 642 e
471 603 678 642 contrario
704 616 787 642 non
813 602 900 642 sine
926 615 1063 641 morsu
1093 600 1294 640 stomachi
1324 601 1583 652 respondisse
1612 600 1812 640 Granium

137 656 260 697 dicit:
293 657 444 696 ‘immo
474 657 568 696 ideo
598 657 722 696 tristis
753 669 855 704 sum,
890 656 1001 708 quod
1032 655 1260 707 legationes
1290 655 1463 694 reiectae
1502 653 1610 694 sint.’
1666 654 1810 695 Voluit

137 717 274 750 autem
308 711 508 762 pudorem
548 710 726 750 Nasicae
758 711 938 750 consulis
974 709 1247 762 perstringere
1285 709 1364 748 hoc
1396 708 1652 748 amarissimo
1684 708 1808 749 dicto.

138 764 252 803 Nam
274 765 499 817 legationes
519 765 572 804 ab
591 763 768 804 externis
788 764 952 816 populis
976 763 1122 803 missae
1143 764 1195 802 ad
1215 770 1403 803 senatum
1422 763 1610 802 solebant
1630 763 1810 802 ordinari

138 831 217 871 pro
246 819 458 858 voluntate
486 819 702 858 consulum
712 832 724 866 ;
763 831 865 870 quas
894 819 1136 870 plerumque
1164 817 1309 869 gratia,
1339 830 1651 869 nonnumquam
1679 823 1720 856 et
1747 831 1812 857 ac·

137 879 265 924 cepta
294 873 468 925 pecunia
500 873 689 913 consules
719 872 978 921 ordinabant,
1014 879 1059 911 ut
1089 871 1293 911 introduci
1323 871 1378 910 ad
1407 879 1594 911 senatum
1632 878 1812 924 possent.

138 937 295 966 SCHOL.
316 937 517 966 AMBROS.
575 927 629 977 Q.
650 927 884 972 Granius,
912 939 966 964 an
985 925 1222 965 auctioneer
1242 926 1367 974 (Hor.
1391 926 1446 964 A.
1469 926 1515 964 Ρ.
1537 926 1648 977 419),
1671 926 1810 966 whose

138 981 209 1020 wit
230 981 311 1019 and
332 981 484 1020 caustic
503 980 680 1019 humour
698 981 821 1019 made
839 979 927 1018 him
947 980 1106 1019 famous
1126 993 1278 1031 among
1297 980 1361 1018 his
1379 980 1741 1031 contemporaries,
1766 993 1812 1020 so

137 1034 228 1074 that
259 1035 442 1074 Lucilius
470 1034 704 1087 frequently
728 1034 878 1086 speaks
906 1033 952 1073 of
975 1034 1062 1072 him
1091 1034 1134 1072 in
1162 1033 1226 1073 his
1254 1033 1397 1073 satires
1428 1034 1560 1082 (Brut.
1582 1035 1603 1082 ἓ
1628 1033 1722 1074 160:
1753 1035 1813 1073 ita

135 1089 280 1128 tacitus
315 1088 551 1127 tribunatus
589 1087 750 1140 (Crassi
781 1086 907 1140 ficit),
946 1093 996 1126 ut
1032 1088 1121 1126 nisi
1151 1088 1198 1126 in
1234 1101 1277 1128 eo
1315 1089 1557 1139 magistratu
1593 1090 1815 1128 cenavisset

135 1143 253 1194 apud
271 1148 557 1195 praeconem
600 1142 845 1182 Granium
884 1142 1004 1192 idque
1033 1142 1144 1180 nobis
1179 1142 1240 1180 bis
1276 1142 1531 1180 narravisset
1563 1142 1809 1192 Lucilius,

135 1196 352 1235 tribunum
369 1196 498 1248 plebis
516 1196 755 1236 nesciremus
761 1196 910 1248 fuisse,
934 1196 988 1235 ib.
1009 1197 1030 1243 ξ
1056 1207 1127 1247 172
1150 1195 1322 1234 memini
1347 1195 1394 1234 T.
1418 1196 1590 1235 Tincam
1610 1196 1813 1236 hominem

126 1250 425 1303 facetissimum
463 1263 555 1289 cum
587 1250 812 1301 familiari
847 1255 983 1289 nostro
1019 1251 1066 1299 Q.
1107 1249 1296 1289 Granio
1333 1256 1569 1301 praecone
1603 1251 1816 1290 dicacitate

134 1310 366 1343 certantem.
423 1302 548 1350 Eon‘,
588 1304 729 1356 inquit
772 1305 949 1350 Brutus,
990 1303 1036 1342 de
1079 1317 1158 1355 quo
1205 1303 1362 1343 multa
1408 1304 1660 1351 Lucilius,
1708 1304 1811 1357 frag.

135 1357 307 1398 Lucilii:
338 1363 376 1397 et
402 1359 489 1399 iam
520 1358 707 1398 Conicere
731 1358 778 1396 in
806 1371 946 1397 versus
974 1358 1128 1397 dictum
1153 1357 1416 1409 praeconis
1447 1358 1620 1397 volebam
1654 1359 1818 1398 Grani

134 1425 203 1464 ap.
224 1412 321 1452 Aul.
344 1413 439 1452 Gell
460 1413 517 1452 N.
539 1413 593 1452 A.
617 1422 666 1452 1v
692 1422 752 1463 17,
786 1414 882 1452 Gra
892 1412 1010 1451 nius
1041 1418 1176 1451 autem
1202 1425 1285 1451 non
1311 1418 1559 1451 contemnere
1580 1425 1621 1451 se
1644 1418 1683 1451 et
1707 1427 1814 1465 reges

134 1466 260 1506 odisse
288 1467 474 1518 superbos
503 1480 570 1518 ap.
607 1466 698 1506 Cic.
726 1480 792 1518 ep.
822 1467 875 1505 ad
905 1467 994 1506 Att.
1024 1476 1074 1505 VI
1101 1479 1122 1517 3
1152 1467 1174 1514 ἓ
1198 1467 1252 1515 7),
1286 1466 1370 1505 and
1393 1465 1464 1505 the
1491 1479 1614 1506 name
1641 1468 1812 1507 became

134 1533 160 1560 a
183 1521 416 1572 proverbial
436 1521 673 1572 expression
699 1520 763 1560 for
785 1534 810 1559 a
832 1533 929 1559 man
955 1520 1003 1559 of
1027 1520 1099 1560 wit
1126 1521 1209 1571 (ep.
1230 1520 1284 1559 ad
1302 1520 1401 1560 fam.
1425 1530 1475 1559 lx
1499 1531 1560 1568 15,
1585 1532 1606 1558 2
1627 1526 1664 1561 te
1682 1534 1810 1573 quum

134 1574 256 1622 vulco,
293 1588 429 1614 omnes
466 1575 578 1614 milii
618 1575 846 1619 Granios,
881 1588 1016 1614 omnes
1047 1574 1418 1613 Lucilios...vz'dere
1450 1575 1615 1624 videor).
1686 1577 1811 1616 Some

135 1629 367 1680 specimens
403 1628 451 1668 of
481 1629 548 1668 his
584 1628 656 1669 wit
689 1642 759 1668 are
795 1629 919 1682 given
955 1629 1012 1680 by
1044 1628 1133 1668 Cic.
1173 1629 1226 1669 de
1263 1635 1366 1668 orat.
1406 1638 1443 1667 11
1471 1630 1493 1678 ἓ
1525 1642 1616 1680 244,
1655 1630 1678 1678 §
1717 1642 1809 1681 254,

133 1683 156 1731 ἓ
179 1685 351 1723 281—2.

214 1759 246 1796 1.
267 1761 329 1797 10.
390 1759 532 1797 ecucto
567 1757 758 1808 iustitio]
801 1757 974 1810 ‘having
1009 1757 1132 1810 given
1168 1757 1307 1797 notice
1338 1756 1388 1797 of
1426 1770 1453 1796 a
1488 1758 1732 1811 suspension
1769 1758 1817 1798 of

133 1811 191 1851 all
210 1812 351 1864 public
370 1811 586 1851 business.’
642 1812 744 1851 This
763 1826 847 1852 was
867 1813 909 1851 in
929 1813 1050 1851 order
1068 1813 1158 1851 that
1184 1812 1254 1851 the
1280 1812 1406 1851 levies
1432 1812 1495 1851 sor
1515 1813 1584 1852 the
1605 1826 1690 1852 war
1708 1813 1810 1853 with

131 1865 335 1918 Jugurtha
363 1866 494 1917 might
525 1867 702 1918 proceed
732 1867 908 1906 without
935 1866 1224 1919 interruption.
1280 1867 1509 1917 decedens]
1539 1879 1595 1906 sc.
1628 1880 1651 1906 e
1687 1867 1809 1907 foro.

137 1922 244 1968 quid
261 1923 408 1960 tristis
427 1919 564 1972 esset]
599 1921 713 1973 ‘why
730 1921 784 1960 he
803 1934 888 1960 was
905 1919 1008 1960 sad.'

213 2017 245 2056 1.
268 2018 333 2054 11.
387 2025 448 2055 an
474 2018 591 2061 quod
617 2001 805 2055 reiectae
832 2019 1060 2057 auctiones
1087 2017 1254 2067 essent]
1288 2019 1396 2058 ‘was
1423 2017 1457 2058 it
1482 2015 1559 2070 (for
1585 2031 1666 2071 any
1691 2018 1810 2072 thing

133 2067 218 2110 else
236 2070 299 2118 or)
326 2070 501 2109 because
526 2069 596 2109 the
621 2070 807 2110 auctions
835 2070 919 2110 had
944 2072 1051 2110 been
1074 2078 1148 2123 put
1173 2071 1235 2111 off
1243 2070 1279 2111 ?‘
1335 2071 1401 2112 Cf.
1426 2085 1492 2124 ep.
1517 2072 1570 2111 ad
1596 2073 1678 2124 Qu.
1699 2073 1747 2113 fr.
1773 2083 1810 2113 11
1861 2114 1865 2121 ,

135 2124 196 2175 3§
216 2135 231 2162 1
254 2136 282 2162 a
300 2124 402 2163 Kal.
428 2123 519 2163 Feb.
542 2124 753 2175 legationes
771 2126 816 2163 in
835 2125 939 2164 Idus
963 2126 1054 2164 Feb.
1082 2125 1437 2175 reiciebantur,
1462 2126 1515 2165 ad
1538 2128 1626 2166 Att.
1650 2137 1681 2166 1.
1704 2129 1762 2175 18,
1786 2137 1807 2177 7

131 2178 253 2216 etiam
283 2177 494 2229 legationes
520 2179 750 2217 reiectum
783 2178 857 2217 iri
875 2185 993 2231 puto.
1052 2179 1121 2220 On
1147 2180 1218 2219 the
1243 2193 1315 2220 use
1343 2179 1391 2219 of
1412 2194 1470 2219 an
1496 2181 1539 2219 in
1568 2193 1593 2219 a
1621 2182 1810 2233 question

133 2232 378 2284 apparently
397 2231 545 2283 simple
567 2232 641 2271 but
668 2232 803 2272 which
834 2233 868 2272 is
899 2233 1027 2285 really
1052 2234 1123 2273 the
1149 2235 1301 2273 second
1329 2235 1515 2274 member
1534 2234 1581 2273 of
1608 2248 1661 2273 an
1690 2235 1807 2274 alter—

131 2286 269 2325 native
289 2286 489 2337 question,
515 2299 582 2325 see
610 2286 732 2339 Roby
752 2287 825 2326 Gr.
849 2296 884 2326 11
905 2289 926 2335 ἐ
948 2300 996 2327 22
1003 2298 1024 2337 5
1031 2298 1065 2338 5,
1089 2288 1276 2340 Madvig.
1299 2288 1370 2328 Gr.
1391 2290 1413 2336 §
1432 2300 1526 2340 453,
1550 2289 1703 2341 Zumpt
1730 2289 1802 2329 Gr.

133 2339 155 2387 ἓ
176 2351 266 2390 353,
291 2340 428 2380 Kenn.
454 2340 529 2380 Gr.
549 2353 592 2392 p.
615 2351 707 2390 327,
732 2354 772 2381 n.
797 2354 851 2380 on
871 2341 924 2381 de
943 2341 1011 2382 off.
1036 2343 1135 2391 111§
1160 2343 1281 2392 1051.
1311 2356 1373 2394 14.

211 2430 241 2468 1.
261 2433 322 2468 12.
383 2431 499 2475 quod
518 2429 782 2479 legationes]
803 2443 859 2469 sc.
880 2430 1099 2470 reiectae
1119 2430 1231 2470 sint.
1289 2430 1380 2471 The
1401 2430 1519 2483 point
1539 2429 1587 2470 of
1600 2431 1670 2471 the
1689 2431 1806 2484 reply

131 2480 206 2522 lies
225 2483 268 2522 in
287 2483 357 2523 the
375 2484 529 2522 double
549 2484 741 2536 meaning
761 2484 808 2522 of
821 2485 994 2530 reiectae,
1016 2485 1057 2524 in
1078 2485 1148 2524 the
1168 2486 1318 2524 former
1337 2498 1431 2524 case
1447 2486 1651 2531 :dilatae,
1673 2486 1715 2525 in
1736 2487 1805 2526 the

131 2535 391 2576 latter=non
420 2538 605 2577 auditae:
642 2538 713 2577 the
742 2545 882 2577 senate
911 2539 1037 2591 being
1065 2539 1278 2578 consulted
1309 2539 1364 2590 by
1393 2539 1463 2578 the
1494 2539 1636 2579 consul
1667 2541 1805 2580 Bestia

136 2591 374 2642 ‘placeretne
402 2591 548 2642 legatos
576 2592 806 2643 Iugurthae
830 2592 952 2644 recipi
982 2591 1217 2641 moenibus‚'
1245 2593 1328 2632 had
1358 2593 1508 2644 passed
1534 2607 1558 2632 a
1581 2594 1805 2633 resolution

132 2644 222 2685 that
249 2649 258 2666 ‘
273 2645 358 2685 nisi
381 2659 553 2696 regnum
579 2647 791 2698 ipsumque
814 2647 993 2685 deditum
1018 2648 1228 2695 venissent,
1265 2647 1332 2686 uti
1357 2647 1405 2686 in
1433 2647 1568 2686 diebus
1587 2649 1807 2700 proxumis

131 2697 258 2737 decem
278 2699 407 2738 Italia
425 2698 678 2740 decederent)

209 2766 326 2804 idem
338 2767 720 2813 tribuno—Druse,
741 2768 847 2814 quld
861 2767 976 2817 agis]
992 2773 1032 2807 et
1044 2767 1147 2807 haec
1159 2766 1353 2807 dicacitas
1366 2767 1580 2820 praeconis
1593 2767 1708 2807 istius
1720 2780 1804 2808 non

131 2816 266 2858 minus
290 2819 535 2859 urbanitatis
560 2819 751 2860 habuisse
774 2821 938 2862 videtur
961 2834 1086 2875 quam
1114 2821 1358 2874 asperitatis.
1430 2821 1543 2861 Nam
1570 2823 1631 2862 M.
1663 2822 1805 2862 Livius

1824 2132 1896 2356 l
