2046 3112
221 135 281 181 28
643 132 718 180 M.
766 134 993 182 TVLLI
1035 133 1446 183 CICERONIS
1532 131 1791 200 [XXVIII
1817 132 1880 183 68

133 241 196 287 68
319 243 554 291 XXVIII
625 244 755 290 Nam
791 243 929 304 quod
963 240 1049 300 ais,
1089 241 1244 299 Cassi,
1282 258 1385 290 non
1419 244 1528 306 plus
1562 260 1643 293 me
1679 243 1882 293 Plancio

217 324 397 373 debere
422 341 569 387 quam
595 323 741 374 bonis
767 323 1013 383 omnibus,
1042 324 1176 386 quod
1202 323 1270 372 eis
1295 335 1452 387 aeque
1482 342 1595 374 mea
1618 328 1746 375 salus
1771 343 1884 375 cara

217 405 370 464 fuerit,
398 422 490 468 ego
525 422 606 455 me
642 406 822 454 debere
846 405 992 454 bonis
1028 404 1258 453 omnibus
1293 406 1477 456 fateor:
1514 409 1603 456 sed
1638 407 1787 456 etiam
1819 407 1879 465 ei,

217 487 395 550 quibus
421 503 511 550 ego
536 488 712 544 debeo,
734 486 853 535 boni
871 486 958 534 viri
985 495 1033 535 et
1052 486 1182 534 cives
1202 485 1413 535 comitiis
1438 488 1673 537 aediliciis
1697 489 1882 551 aliquid
2044 551 2046 553 ι

219 585 270 616 se
294 584 406 616 meo
431 567 634 616 nomine
660 567 864 616 Plancio
889 568 1070 616 debere
1090 567 1335 616 dicebant.
1384 584 1552 616 verum
1572 570 1649 617 fac
1669 586 1747 618 me
1766 571 1883 617 mul·
1929 589 1947 618 ⁵
2032 570 2046 615 ἶ

217 649 277 698 tis
297 650 477 698 debere
497 659 544 698 et
562 648 613 697 in
634 649 701 698 eis
721 649 944 697 Plancio:
971 659 1134 697 utrum
1160 649 1303 712 igitur
1326 667 1406 699 me
1431 652 1721 700 conturbare
1746 669 1885 715 opor-

218 741 287 779 tet
312 747 374 778 an
399 731 586 791 ceteris,
614 747 726 779 cum
760 731 998 794 cuiusque
1025 731 1130 780 dies
1154 731 1355 791 venerit,
1382 732 1499 781 huic
1522 750 1719 793 nomen,
1748 736 1884 797 quod

216 821 366 875 urget,
394 829 539 870 nunc,
569 829 682 860 cum
714 812 909 875 petitur,
939 812 1234 862 dissolvere?
1302 830 1600 877 quamquam
1636 816 1883 865 dissimilis

219 901 291 939 est
316 891 554 953 pecuniae
579 891 766 940 debitio
792 902 841 940 et
864 892 1074 954 gratiae:
1111 909 1227 940 nam
1252 893 1335 956 qui
1360 893 1620 955 pecuniam
1645 894 1881 955 dissolvit,

218 974 381 1022 statim
417 991 518 1022 non
554 975 704 1023 habet
739 975 804 1034 id,
832 975 966 1037 quod
1002 975 1219 1023 reddidit
1229 993 1242 1035 3
1284 974 1367 1038 qui
1403 977 1766 1044 autem-debet,
1801 994 1882 1026 aes
1904 1001 1944 1023 ιο

216 1056 393 1106 retinet
427 1057 664 1106 alienum:
706 1057 911 1120 gratiam
949 1066 1115 1105 autem
1155 1066 1203 1106 et
1239 1057 1322 1119 qui
1358 1058 1500 1106 refert
1534 1059 1681 1106 habet
1717 1067 1766 1107 et
1801 1058 1884 1120 qui

217 1141 368 1188 habet
409 1138 460 1186 in
504 1155 564 1187 eo
604 1138 727 1201 ipso,
770 1140 907 1200 quod
947 1139 1110 1197 habet,
1154 1140 1310 1187 refert.
1403 1155 1568 1202 neque
1615 1156 1707 1202 ego
1754 1157 1884 1198 nunc

220 1220 422 1269 Plancio
453 1219 677 1269 desinam
710 1221 905 1279 debere,
933 1219 975 1268 si
998 1220 1094 1268 hoc
1130 1221 1336 1279 solvero,
1375 1236 1468 1269 nec
1503 1220 1665 1268 minus
1701 1220 1747 1270 ei
1781 1222 1887 1270 red-

134 1307 195 1353 69
218 1305 386 1352 derem
409 1305 662 1352 voluntate
687 1302 807 1366 ipsa,
836 1302 877 1351 si
900 1304 996 1350 hoc
1021 1302 1277 1350 molestiae
1304 1319 1405 1350 non
1424 1301 1696 1351 accidisset.
1741 1318 1886 1364 quae-

216 1385 279 1434 ris
303 1403 333 1434 a
356 1402 449 1444 me,
480 1385 634 1444 Cassi,
663 1384 784 1447 quid
807 1401 895 1447 pro
921 1385 1064 1432 fratre
1089 1400 1218 1443 meo,
1240 1382 1325 1446 qui
1349 1382 1470 1431 mihi
1494 1392 1567 1431 est
1592 1382 1880 1441 carissimus,
1906 1407 1945 1437 ις
1979 1423 1983 1427 .

218 1467 339 1532 quid
373 1484 462 1532 pro
498 1466 621 1516 meis
659 1466 836 1524 liberis,
865 1466 1043 1528 quibus
1079 1465 1201 1513 nihil
1235 1464 1355 1512 mihi
1390 1473 1553 1527 potest
1582 1481 1687 1513 esse
1719 1465 1886 1512 iucun-

219 1548 342 1607 dius,
380 1547 590 1611 amplius
629 1563 777 1609 quam
811 1562 900 1608 pro
938 1545 1142 1594 Plancio
1183 1544 1310 1593 facio
1352 1546 1512 1593 facere
1550 1544 1753 1607 possim,
1791 1561 1885 1593 nec

216 1629 354 1678 vides
385 1628 591 1677 istorum
627 1627 845 1690 ipsorum
879 1625 1078 1675 caritate
1110 1627 1175 1675 ad
1198 1625 1343 1674 huius
1380 1626 1588 1674 salutem
1621 1627 1888 1675 defenden-

218 1713 333 1760 dam
370 1709 583 1758 maxime
616 1707 853 1757 stimulari
888 1724 967 1756 me
1004 1717 1151 1770 atque
1187 1707 1397 1756 excitari.
1449 1724 1567 1755 nam
1594 1724 1757 1770 neque
1792 1707 1885 1756 illis

217 1791 358 1841 huius
391 1792 560 1850 salute,
588 1807 618 1839 a
650 1806 749 1854 quo
785 1806 950 1838 meam
983 1788 1145 1838 sciunt
1179 1805 1284 1838 esse
1321 1785 1591 1848 defensam,
1619 1789 1882 1852 quicquam
1906 1814 1947 1835 20

217 1883 291 1923 est
326 1873 555 1936 optatiUS,
585 1881 632 1921 et
669 1888 761 1935 ego
796 1871 903 1934 ipse
938 1888 1208 1934 numquam
1245 1871 1355 1920 illos
1387 1870 1573 1934 aspicio
1609 1871 1742 1934 quin,
1770 1888 1885 1919 cum

217 1973 303 2019 per
320 1957 453 2004 hunc
471 1971 550 2004 me
571 1954 640 2004 eis
665 1964 1007 2003 conservatum
1027 1970 1134 2003 esse
1153 1952 1476 2014 meminerim,
1497 1953 1640 2002 huius
1658 1954 1884 2003 meritum

218 2039 269 2088 in
294 2055 375 2087 me
399 2039 638 2088 recorder.

319 2119 577 2183 Opimium
614 2120 902 2168 damnatum
939 2134 1045 2167 esse
1080 2134 1454 2178 commemoraS,
1486 2125 1783 2166 servatorem
1819 2117 1887 2181 ip-

219 2219 327 2251 sum
352 2201 421 2249 rei
445 2201 671 2264 publicae
680 2219 693 2261 3
732 2200 982 2250 Calidium
1006 2199 1245 2262 adiungis,
1273 2199 1413 2248 cuius
1436 2201 1544 2262 lege
1570 2201 1630 2261 Q.
1654 2201 1885 2248 Metellus
1908 2222 1947 2255 25

218 2285 268 2333 in
311 2284 559 2333 civitatem
599 2283 660 2332 sit
697 2283 979 2331 restitutus:
1027 2281 1345 2345 reprehendis
1384 2298 1520 2330 meas
1554 2298 1644 2345 pro
1681 2281 1886 2330 Plancio
2040 2294 2046 2346 Ἰι

219 2383 403 2431 preces,
423 2367 559 2429 quod
584 2382 745 2428 neque
770 2364 998 2427 Opimius
1024 2381 1114 2413 suo
1146 2363 1347 2412 nomine
1372 2363 1604 2412 liberatus
1630 2362 1692 2411 sit
1723 2379 1886 2426 neque

221 2452 279 2512 Q.
321 2447 513 2498 Metelli
549 2447 784 2498 Calidius
883 2447 1064 2494 XXIX
1122 2446 1186 2493 de
1224 2444 1417 2494 Calidio
1459 2443 1548 2492 tibi
1584 2452 1775 2492 tantum
1817 2459 1887 2492 re-

221 2532 459 2595 spondeo,
487 2531 624 2593 quod
649 2529 753 2592 ipse
777 2527 902 2577 vidi:
941 2530 1000 2590 Q.
1026 2529 1286 2576 Metellum
1308 2526 1447 2574 Pium
1472 2527 1727 2574 consulem
1751 2542 1887 2588 prae-

220 2613 354 2662 toriis
403 2611 627 2671 comitiis,
667 2619 867 2674 petente
920 2611 980 2671 Q.
1020 2608 1231 2667 Calidio,
1272 2609 1460 2672 populo
1503 2609 1733 2655 Romano
1776 2623 1885 2669 sup-
1907 2629 1948 2659 30

220 2695 440 2760 plicasse,
485 2710 598 2741 cum
645 2691 846 2755 quidem
895 2707 998 2739 non
1032 2690 1291 2739 dubitaret
1337 2699 1385 2738 et
1432 2689 1605 2737 consul
1646 2695 1694 2736 et
1731 2688 1885 2735 homo

223 2776 554 2828 nobilissimus
594 2785 858 2839 patronum
898 2789 1006 2822 esse
1040 2772 1177 2820 illum
1218 2788 1363 2820 suum
1406 2780 1455 2819 et
1495 2768 1708 2818 familiae
1748 2768 1888 2818 nobi·-

141 2859 438 2911 ¹701issimae
469 2857 643 2908 dicere.
717 2872 817 2920 quo
852 2856 964 2903 loco
998 2869 1180 2918 quaero
1210 2869 1270 2903 ex
1304 2862 1354 2902 te
1385 2867 1503 2900 num
1539 2850 1590 2899 id
1622 2850 1672 2899 in
1704 2849 1888 2901 iudicio

2041 1714 2046 1749 .ᾼ
2043 1659 2046 1684 ...
2037 743 2046 1642 -——-———-..—-———..-—-—*—-a—.-————-=
2044 709 2046 717 I
2043 635 2046 650 -
