2046 3112
132 158 157 222 ξ
181 153 266 224 30]
851 158 1106 209 NOTES
1739 159 1800 221 87

139 278 196 309 111
216 270 239 318 ἕ
262 279 310 321 14
336 283 428 309 cum
456 269 557 311 certi
576 275 745 323 propter
771 270 943 311 divitias
975 277 1052 311 aut
1076 285 1228 322 genus
1257 277 1334 311 aut
1362 271 1529 324 aliquas
1557 276 1642 323 opes
1672 278 1793 321 remp.

133 328 278 372 tenent,
301 325 510 375 estfacti0‚
538 325 642 364 Hor.
668 326 753 365 Sat.
782 335 814 365 11
837 336 876 375 5,
898 327 922 364 8
947 332 984 364 et
1004 339 1156 377 genus
1179 331 1215 365 et
1239 326 1375 364 virtus
1400 326 1485 364 nisi
1509 338 1601 364 cum
1622 338 1666 364 re
1683 325 1805 365 vilior

132 377 228 427 alg‘a
255 383 320 425 est,
349 378 430 418 Od.
452 388 466 416 1
494 391 552 429 14,
586 392 608 430 3
634 380 992 430 quamvis—iactes
1017 385 1054 419 et
1077 393 1167 430 gen
1176 393 1231 418 us
1249 385 1285 418 et
1304 392 1473 418 nomen
1494 379 1652 424 inutile,
1675 378 1798 430 Verg.

133 431 238 470 Aen.
259 445 299 470 v.
321 430 395 470 621
425 432 496 471 cui
512 446 665 482 genus
688 438 726 471 et
749 434 953 484 quondam
981 447 1086 472 nom
1097 447 1152 472 en
1178 433 1347 485 natique
1364 433 1559 484 fuissent,
1585 433 1734 484 Georg.
1766 442 1800 472 11

133 494 213 535 0240
233 498 303 524 nec
321 486 478 524 Baccho
491 499 643 537 genus
661 491 736 525 aut
746 487 884 538 pomis
900 499 978 526 sua
998 487 1199 527 nomina
1216 492 1363 527 servat.

210 575 241 612 1.
263 577 324 614 29.
384 574 504 624 auis]
532 587 590 614 sc.
611 575 773 614 rebus.
831 574 1108 624 societatum]
1128 576 1150 623 ἓ
1171 588 1220 627 32
1241 573 1270 614 l.
1293 574 1356 615 28.

210 661 242 699 1.
263 664 326 700 30.
382 670 578 701 meorum
595 664 842 710 temporum
859 662 1086 712 memoria]
1105 663 1127 711 §
1152 673 1166 700 1
1191 661 1219 702 1.
1243 674 1280 714 5.

128 804 171 853 ἐξ
191 817 322 856 30—3
328 814 366 855 5.
428 803 513 843 lee
527 790 795 855 imputatioris
813 808 896 842 cast
912 802 962 853 by
979 802 1210 842 Laterensis
1234 816 1286 842 on
1307 803 1374 842 tlte
1390 803 1463 856 life
1481 805 1571 843 and
1589 805 1799 844 character

555 858 607 909 os
615 858 816 897 Plancius
835 857 975 896 shown
995 863 1034 896 to
1052 857 1095 896 be
1107 857 1362 909 groundless.

212 954 244 992 1.
268 955 328 992 32.
389 953 505 991 hune
522 953 643 990 vitae
663 949 1136 999 splendorem1=hanc
1164 955 1262 989 tam
1289 949 1601 1003 splendidam
1627 951 1800 996 vitam:

131 1004 203 1046 the
239 1005 420 1058 genitive
457 1005 505 1044 of
537 1005 607 1044 the
644 1004 968 1055 corresponding
1000 1004 1254 1043 substantive
1293 1005 1327 1044 is
1365 1005 1595 1057 frequently
1623 1018 1670 1045 so
1702 1006 1803 1045 used

129 1059 195 1099 for
220 1073 245 1098 a
274 1058 501 1112 qualifying
533 1058 748 1108 adjective,
779 1071 824 1097 as
856 1058 1090 1109 deformitas
1128 1060 1301 1109 corporis
1337 1058 1401 1097 for
1435 1059 1611 1111 deforme
1645 1065 1800 1110 corpus,

129 1112 182 1153 de
206 1113 275 1153 off.
312 1123 368 1152 111
395 1114 416 1160 ἓ
448 1110 532 1159 106,
565 1112 615 1151 cf.
647 1112 782 1151 below
811 1113 832 1158 ἓ
860 1124 907 1163 3²
938 1111 967 1150 1.
994 1124 1056 1150 αι.
1119 1113 1283 1151 macula
1313 1119 1519 1164 aspergere
1549 1113 1582 1152 is
1617 1117 1684 1152 ‘to
1716 1120 1801 1152 cast

128 1179 154 1206 a
178 1166 267 1206 blot
297 1180 343 1206 or
373 1166 456 1206 slur
479 1179 604 1217 upon,
633 1171 675 1205 to
701 1165 839 1204 attach
868 1179 892 1204 a
918 1165 1023 1205 stain
1052 1163 1125 1214 t0,'
1154 1167 1262 1205 Hor.
1293 1167 1377 1206 Sat.
1411 1176 1427 1205 1
1457 1183 1495 1218 4,
1528 1167 1578 1217 87
1606 1180 1627 1205 e
1651 1167 1801 1218 quibus

127 1234 239 1259 unus
266 1226 374 1259 amet
400 1220 550 1272 quavis
574 1221 646 1267 (sc.
677 1219 889 1268 ratione)
922 1225 1175 1270 aspergere
1204 1227 1377 1268 cunctos,
1406 1234 1464 1260 or.
1495 1234 1535 1272 p.
1563 1221 1676 1260 Cael.
1706 1223 1727 1269 ἓ
1750 1233 1798 1272 23

127 1274 245 1314 istius
254 1275 370 1326 facti
385 1287 467 1312 non
489 1274 602 1312 modo
621 1273 846 1324 suspicione
870 1273 940 1312 sed
964 1286 1014 1312 ne
1038 1273 1221 1325 infamia
1245 1274 1406 1326 quidem
1430 1280 1486 1313 est
1511 1275 1795 1325 adspersus,

126 1342 192 1380 ep.
220 1329 275 1367 ad
300 1328 395 1367 fam.
417 1338 465 1367 vl
487 1326 512 1367 6
537 1329 559 1375 ς
579 1341 603 1381 9
628 1327 757 1366 eodem
781 1340 803 1366 e
817 1327 940 1378 fonte
965 1340 1005 1366 se
1031 1327 1282 1367 hausturum
1309 1328 1509 1379 intellegit
1537 1329 1679 1368 laudes
1706 1342 1802 1367 suas

124 1395 146 1422 e
181 1395 259 1434 quo
294 1383 348 1421 sit
380 1382 523 1420 leviter
556 1387 802 1433 aspersus.
873 1381 941 1420 Cf.
975 1381 1045 1420 the
1075 1382 1193 1433 slang
1226 1395 1297 1421 use
1327 1382 1376 1421 of
1407 1383 1476 1421 the
1512 1382 1650 1422 Greek
1685 1383 1800 1422 word

127 1435 305 1482 πλύνειν,
332 1439 399 1475 ‘to
428 1433 582 1480 abuse‚'
613 1436 686 1475 Ar.
719 1435 827 1474 Ach.
856 1437 946 1486 381,
982 1435 1203 1474 Demosth.
1231 1436 1326 1476 adv.
1362 1436 1506 1475 Boeot.
1541 1449 1583 1489 p.
1604 1447 1698 1491 997,
1732 1450 1795 1488 24,

125 1491 209 1530 and
228 1490 298 1530 the
319 1489 353 1528 F
355 1490 481 1530 rench
500 1490 648 1542 phrase
667 1490 782 1528 laver
797 1490 839 1528 la
857 1491 927 1529 tete
944 1488 970 1528 ὰ
988 1488 1223 1542 quelqu’un.

209 1587 319 1626 iacis
343 1584 581 1634 adulteria]
608 1583 668 1624 lit.
701 1583 806 1635 ‘you
829 1583 962 1623 throw
987 1590 1059 1623 out
1087 1583 1130 1623 in
1159 1582 1392 1636 speaking‚’
1423 1585 1503 1624 ‘let
1532 1584 1636 1633 fall‚’
1658 1583 1799 1633 ‘hint,'

127 1638 220 1691 ‘lay
250 1646 294 1678 to
324 1639 387 1678 his
420 1637 598 1690 charge.'
657 1637 720 1677 Cf.
750 1639 950 1677 Paradox.
981 1647 1030 1676 IV
1055 1640 1076 1686 ἓ
1103 1641 1154 1678 28
1182 1639 1358 1677 iactam
1386 1645 1423 1678 et
1451 1640 1680 1678 immissam
1710 1653 1736 1678 a
1766 1646 1803 1678 te

127 1694 334 1746 nefariam
362 1694 409 1732 in
439 1706 501 1732 me
529 1692 736 1731 iniuriam
764 1698 918 1743 semper
941 1692 1061 1739 duxi,
1090 1706 1146 1732 or.
1178 1706 1222 1744 p.
1253 1693 1356 1733 Sull.
1383 1694 1405 1740 ἓ
1432 1705 1482 1744 23
1513 1693 1560 1732 in
1588 1706 1705 1745 quem
1732 1699 1793 1741 lu,

125 1761 218 1787 cum
264 1753 436 1799 cuperes,
485 1747 649 1786 nullam
694 1747 980 1786 contumeliam
1029 1747 1185 1785 iacere
1219 1748 1413 1798 potueris,
1457 1754 1558 1786 orat.
1602 1750 1623 1796 ξ
1660 1748 1712 1798 87
1753 1747 1799 1786 in

127 1802 349 1841 iaciendo
387 1800 660 1852 mittendoque
684 1800 866 1845 ridiculo,
897 1800 999 1839 Tac.
1031 1801 1141 1839 Ann.
1172 1811 1221 1839 XI
1256 1815 1302 1852 13
1340 1801 1386 1839 in
1410 1801 1599 1852 feminas
1627 1802 1801 1840 illustres

117 1856 274 1908 probra
305 1855 500 1902 iecerat,
525 1868 590 1906 ep.
612 1854 666 1893 ad
686 1854 776 1893 Att.
802 1863 839 1892 11
862 1864 883 1905 7
905 1855 926 1902 ἓ
946 1870 971 1904 4
992 1854 1101 1892 illud
1121 1854 1231 1906 quod
1253 1855 1376 1894 iacis
1401 1855 1572 1903 obscure,
1601 1855 1626 1896 i.
1643 1869 1679 1895 e.
1705 1857 1799 1895 ‘the

126 1910 232 1949 dark
261 1909 351 1948 hint
375 1909 512 1948 which
541 1921 621 1960 you
650 1908 784 1948 throw
809 1906 911 1956 out,’
941 1907 1033 1948 Liv.
1067 1918 1105 1947 11
1133 1921 1183 1959 45
1216 1910 1262 1947 in
1292 1909 1507 1948 novitatem
1531 1911 1691 1961 generis
1716 1923 1798 1963 qua

114 1964 237 2016 salsa
253 1977 336 2015 qua
354 1976 452 2002 vera
473 1963 640 2002 iacere.

204 2063 236 2100 1.
258 2064 318 2100 33.
380 2069 493 2107 quae
521 2069 648 2099 nemo
677 2069 767 2099 non
794 2061 922 2099 modo
947 2063 1138 2106 nomine,
1160 2061 1238 2100 sed.
1265 2071 1321 2100 ne
1347 2063 1593 2108 suspicione
1621 2063 1797 2108 quidem

123 2117 266 2163 possit
284 2114 537 2163 agnoscere]
566 2113 694 2153 obicis
714 2114 916 2153 adulteria
936 2115 1105 2153 Plancio
1124 2127 1255 2167 eoque
1274 2116 1459 2167 appellas
1479 2115 1657 2164 nomine,
1683 2115 1795 2154 cuius

124 2168 481 2220 significationem,
514 2174 559 2207 ut
584 2167 699 2206 verbi
726 2175 849 2206 antea
876 2181 1101 2219 numquam
1129 2169 1325 2221 usurpati,
1359 2182 1492 2221 neque
1521 2176 1659 2208 tenere
1687 2169 1795 2220 quis-

125 2235 251 2275 quam
271 2228 406 2274 potest
425 2235 558 2273 neque
577 2221 801 2260 divinando
819 2221 1003 2273 adsequi.
1033 2231 1088 2261 W.
1134 2222 1226 2261 The
1245 2224 1434 2274 negative
1454 2223 1496 2262 in
1516 2223 1793 2275 ne—quz'a'em,

125 2277 248 2316 when
274 2276 467 2315 followed
491 2276 546 2327 by
570 2289 595 2314 a
620 2288 813 2314 common
841 2275 1050 2327 predicate
1074 2274 1134 2327 (as
1159 2276 1256 2316 here
1277 2278 1400 2327 possit
1422 2277 1659 2328 agnoscere),
1684 2276 1795 2315 often

126 2331 298 2371 extends
316 2330 368 2370 its
387 2329 588 2369 influence
611 2342 709 2368 over
727 2342 753 2368 a
770 2330 993 2381 preceding
1017 2329 1166 2377 clause,
1192 2331 1418 2382 beginning
1436 2331 1536 2369 with
1562 2344 1644 2369 non
1669 2331 1793 2369 modo.

127 2384 222 2436 Key
249 2384 320 2424 Gr.
351 2385 372 2432 ἓ
400 2396 494 2434 415,
525 2384 676 2432 Zumpt
705 2383 778 2422 Gr.
809 2384 831 2431 ξς
861 2393 939 2435 724
957 2384 992 2433 b,
1027 2384 1166 2423 Kenn.
1199 2384 1272 2424 Gr.
1304 2398 1345 2437 p.
1381 2384 1459 2435 326
1478 2385 1513 2432 b,
1545 2385 1688 2423 Madv.
1719 2384 1793 2424 Gr.

126 2437 241 2490 §461
260 2438 295 2487 b,
319 2439 372 2477 de
392 2438 461 2477 off.
483 2439 579 2486 111§
602 2437 697 2488 771.
720 2449 772 2488 34
786 2450 828 2477 n.

205 2551 253 2587 ι’.
292 2551 371 2593 13,
400 2549 429 2586 1.
463 2551 500 2586 1.
557 2549 814 2586 bimaritum
849 2548 1065 2597 appellas]
1106 2552 1206 2599 ‘you
1245 2548 1325 2588 call
1363 2548 1451 2588 him
1490 2549 1711 2589 bimarz'tus
1752 2550 1792 2601 (a

126 2599 351 2652 bigamist),
385 2601 467 2639 and
505 2613 551 2640 so
583 2614 665 2652 you
702 2601 844 2641 invent
880 2616 984 2643 even
1022 2603 1157 2642 words
1193 2603 1256 2642 for
1288 2603 1353 2643 his
1385 2603 1563 2643 offences
1599 2604 1683 2644 and
1721 2611 1792 2645 not

126 2655 282 2706 merely
308 2655 379 2694 the
409 2655 586 2694 offences
614 2655 891 2696 themselves.’

206 2751 234 2788 1.
261 2753 297 2788 3.
354 2760 443 2789 non
469 2753 634 2790 crimen
661 2753 729 2790 est
757 2750 860 2800 ceth]
889 2751 944 2790 ‘is
966 2757 1039 2791 not
1064 2765 1089 2791 a
1110 2750 1257 2790 formal
1282 2751 1442 2803 charge,
1466 2751 1540 2791 but
1565 2765 1590 2791 a
1614 2751 1792 2794 reckless

128 2803 210 2847 and
230 2802 344 2854 lying
362 2803 489 2843 libel.’
517 2805 802 2848 [amandatio
818 2805 1474 2857 maleelitlum=praeterquam
1497 2807 1624 2858 quod
1645 2807 1789 2847 male-

126 2856 314 2896 dictum
352 2864 436 2904 est,
480 2858 606 2898 etiam
645 2849 819 2899 salsum
862 2866 948 2899 est.
1019 2860 1103 2899 For
1140 2859 1221 2899 this
1257 2860 1451 2912 meaning
1483 2860 1530 2907 of
1562 2860 1791 2912 impunitus

594 2976 643 3020 lvx
713 2957 997 3024 ‘law
1035 2955 1371 3018 Mum-e
