2046 3112
120 157 267 209 xxv
292 149 376 221 62]
446 155 597 206 PRO
649 156 757 205 clv,
793 155 1126 205 PLANCIO
1163 154 1454 204 ORATIO
1720 170 1775 220 25

119 262 416 320 consulatuS,
450 278 598 325 quem
623 260 961 326 magistratum
984 261 1081 310 iam
1107 261 1375 325 octingenti
1399 262 1498 311 fere
1529 260 1782 310 consecuti

120 351 258 391 sunt:
289 343 479 402 horum,
499 343 538 391 si
563 342 822 406 diligenter
845 359 1067 405 quaeres,
1088 342 1166 392 vix
1182 342 1425 392 decimam
1446 352 1634 405 partem
1651 359 1784 406 repe·

119 423 211 472 ries
235 422 388 486 gloria
412 423 625 486 dignam.
697 425 787 474 sed
810 440 959 473 nemo
992 440 1231 486 umquam
1255 422 1326 471 sic
1350 423 1461 486 egit,
1487 433 1541 471 ut
1566 431 1639 472 tu:
1679 426 1786 471 ‘cur

121 506 211 554 iste
242 506 295 553 fit
319 507 522 553 consul?
556 504 676 567 quid
711 504 873 568 potuit
907 502 1132 567 amplius,
1161 503 1199 552 si
1236 505 1288 551 L.
1320 505 1496 551 Brutus
1533 511 1673 560 esset,
1701 501 1785 563 qui

80 609 98 638 5
121 584 370 634 civitatem
405 584 662 634 dominatu
700 586 833 649 regio
868 585 1090 635 liberavit
1106 587 1139 633 ?'
1175 586 1364 634 honore
1399 583 1520 631 nihil
1561 583 1783 646 amplius,

121 668 266 716 laude
291 667 513 717 multum.
581 667 649 731 sic
673 666 816 730 igitur
841 665 1069 715 Plancius
1093 665 1246 714 nihilo
1272 665 1434 714 minus
1459 674 1691 728 quaestor
1714 674 1788 713 est

121 749 276 797 factus
301 759 350 797 et
375 748 594 797 tribunus
619 747 778 810 plebis
804 756 853 796 et
877 747 1048 795 aedilis
1074 763 1222 809 quam
1249 747 1287 795 si
1311 755 1440 795 esset
1465 761 1658 794 summo
1677 745 1788 792 loco

121 837 276 888 natuS,
305 830 393 877 sed
427 829 551 876 haec
585 827 691 891 pari
726 828 839 875 loco
877 827 968 875 orti
1002 836 1116 875 sunt
1151 825 1532 874 innumerabiles
1561 823 1642 872 alii
1674 839 1788 871 con-

122 909 288 958 secuti.
359 910 545 972 profers
580 908 854 971 triumphos
891 910 948 955 T.
980 906 1116 956 Didii
1148 915 1198 955 et
1223 908 1278 957 C.
1307 905 1468 965 Marii,
1496 915 1546 954 et
1581 903 1787 967 quaeriS,
1814 913 1876 974 61

64 1019 101 1039 ιο
123 991 242 1053 quid
279 990 436 1039 simile
468 990 519 1038 in
554 989 779 1038 Plancio:
816 988 955 1051 quasi
977 1005 1094 1037 vero
1130 987 1224 1047 isti,
1252 1005 1378 1051 quos
1414 1001 1791 1041 commemoras,

120 1080 380 1134 propterea
414 1069 722 1132 magistratus
759 1067 992 1130 ceperint,
1029 1070 1166 1130 quod
1202 1067 1573 1131 triumpharant,
1600 1076 1648 1116 et
1672 1083 1789 1126 non,
1855 1131 1859 1134 η

122 1150 238 1213 quia
256 1149 504 1199 commissi
520 1158 635 1198 sunt
653 1148 722 1197 eis
742 1148 1064 1210 magistratus,
1086 1148 1136 1196 in
1157 1148 1335 1209 quibus
1355 1148 1723 1210 triumpharent,
1739 1163 1791 1195 re

119 1233 248 1280 bene
263 1242 400 1294 gesta
415 1229 765 1294 triumpharint.
797 1245 938 1292 rogas
955 1246 1081 1291 quae
1098 1239 1255 1278 castra
1269 1228 1467 1278 viderit:
1488 1228 1571 1292 qui
1587 1239 1635 1277 et
1651 1228 1790 1277 miles

120 1312 173 1360 in
198 1314 345 1362 Creta
374 1314 471 1360 hoc
502 1311 796 1374 imperatore
827 1320 877 1359 et
906 1310 1130 1359 tribunus
1161 1310 1212 1359 in
1245 1311 1548 1359 Macedonia
1580 1310 1790 1358 militum

67 1422 102 1451 15
121 1394 264 1443 fuerit
289 1403 337 1443 et
363 1402 592 1458 quaestor
615 1402 808 1441 tantum
841 1409 900 1441 ex
931 1409 982 1441 re
1015 1392 1210 1440 militari
1244 1393 1507 1442 detraxerit
1539 1391 1790 1454 temporis,

123 1484 363 1538 quantum
397 1473 450 1522 in
481 1490 561 1522 me
594 1474 976 1523 custodiendum
1008 1475 1265 1522 transferre
1289 1473 1527 1522 maluerit.
1601 1472 1791 1533 quaeris
1817 1479 1879 1527 62

121 1573 243 1604 num
268 1555 476 1605 disertus
501 1555 598 1604 sit?
650 1555 819 1614 immo,
837 1555 888 1604 id
910 1556 1047 1618 quod
1071 1557 1346 1604 secundum
1373 1564 1460 1614 est,
1481 1572 1544 1604 ne
1570 1553 1663 1602 sibi
1688 1552 1791 1616 qui-

123 1640 239 1688 dem
262 1637 466 1686 videtur.
539 1653 659 1685 num
691 1635 805 1684 iuris
838 1637 1127 1685 consultus?
1162 1636 1302 1699 quasi
1330 1635 1590 1699 quisquam
1615 1635 1677 1684 sit
1708 1635 1793 1698 qui

124 1718 216 1767 sibi
230 1719 363 1766 hunc
376 1719 552 1766 falsum
569 1719 631 1767 de
646 1716 748 1766 iure
771 1716 1087 1779 respondisse
1106 1716 1250 1765 dicat.
1304 1733 1477 1766 omnes
1503 1715 1636 1765 enim
1655 1715 1792 1764 istius

64 1825 104 1846 20
125 1799 262 1847 modi
285 1808 412 1847 artes
435 1798 487 1847 in
506 1797 575 1847 eis
594 1799 1033 1861 reprehenduntur,
1054 1797 1138 1860 qui
1162 1815 1273 1846 cum
1298 1796 1504 1860 professi
1528 1805 1656 1856 sunt,
1677 1795 1794 1845 satis

122 1882 284 1930 facere
314 1894 419 1928 non
449 1888 670 1943 possunt,
697 1896 798 1928 non
823 1879 872 1927 in
899 1879 983 1939 eis,
1010 1879 1094 1942 qui
1120 1896 1172 1928 se
1197 1878 1376 1929 afuisse
1401 1882 1464 1928 ab
1489 1879 1593 1928 istis
1619 1877 1792 1927 studiis

123 1963 450 2011 confitentur:
497 1959 663 2019 virtus,
706 1960 939 2024 probitas,
982 1960 1233 2024 integritas
1271 1961 1323 2010 in
1364 1961 1647 2020 candidato,
1691 1978 1791 2010 non

123 2042 319 2105 linguae
338 2041 632 2101 volubilitas,
653 2057 755 2090 non
779 2058 870 2101 ars,
887 2058 990 2090 non
1015 2041 1218 2091 scientia
1237 2042 1416 2106 requiri
1435 2045 1572 2091 solet.
1629 2054 1683 2092 ut
1702 2058 1794 2091 nos

124 2123 177 2172 in
211 2122 466 2184 mancipiis
501 2123 732 2185 parandis
768 2124 991 2186 quamvis
1019 2123 1144 2187 frugi
1176 2123 1444 2185 hominem,
1472 2123 1513 2173 si
1541 2140 1632 2187 pro
1656 2125 1794 2172 fabro

66 2225 106 2254 25
128 2213 209 2252 aut
233 2219 322 2266 pro
347 2211 532 2251 tectore
564 2202 787 2263 emimus,
814 2206 936 2254 ferre
971 2206 1179 2253 moleste
1212 2206 1444 2264 solemuS,
1471 2204 1510 2254 si
1543 2221 1625 2253 eas
1649 2214 1791 2262 artes,

128 2301 249 2347 quas
284 2283 335 2332 in
370 2284 585 2333 emendo
621 2284 778 2332 secuti
819 2301 1000 2344 sumus,
1038 2287 1162 2336 forte
1203 2284 1475 2345 nesciverit,
1514 2285 1589 2334 sin
1629 2294 1794 2334 autem

129 2363 336 2412 emimus
371 2378 521 2424 quem
552 2362 750 2411 vilicum
785 2363 1166 2426 imponeremus,
1194 2382 1343 2428 quem
1376 2365 1542 2428 pecori
1570 2366 1797 2427 praefice·

129 2449 305 2503 remus,
349 2443 470 2492 nihil
506 2443 557 2491 in
599 2459 660 2492 eo
697 2442 790 2492 nisi
836 2445 1176 2508 frugalitatem,
1219 2448 1455 2505 laborem,
1495 2444 1794 2508 vigilantiam

130 2539 236 2573 esse
260 2538 502 2582 curamus,
523 2522 594 2570 sic
615 2524 829 2584 populus
855 2525 1112 2573 Romanus
1132 2525 1300 2587 deligit
1326 2525 1634 2588 magistratus
1655 2523 1795 2586 quasi

70 2626 111 2657 32
131 2603 200 2653 rei
244 2602 470 2666 publicae
516 2602 715 2652 vilicos:
763 2602 816 2651 in
854 2604 1032 2666 quibus
1075 2605 1114 2653 si
1153 2622 1250 2667 qua
1296 2615 1548 2668 praeterea
1584 2613 1656 2652 est
1702 2620 1792 2662 ars,

131 2683 271 2734 facile
305 2683 515 2747 patitur3
556 2682 631 2731 sin
662 2681 838 2743 minus,
863 2684 1041 2733 virtute
1077 2701 1247 2734 eorum
1285 2694 1332 2733 et
1365 2683 1649 2733 innocentia
1683 2699 1796 2732 con·

133 2772 296 2812 tentus
331 2773 418 2811 est.
490 2772 670 2826 quotus
706 2762 838 2812 enim
874 2763 1083 2826 quisque
1118 2765 1340 2822 disertus,
1374 2773 1552 2826 quotus
1588 2762 1796 2825 quisque

133 2842 248 2892 iuris
282 2842 463 2907 peritus
501 2854 587 2902 est,
622 2852 676 2892 ut
707 2858 794 2893 eos
829 2859 1071 2904 numereS,
1105 2842 1188 2906 qui
1220 2844 1394 2897 volunt
1429 2844 1573 2892 esse?
1618 2841 1795 2906 quodsi
