2046 3112
139 131 163 192 ἕ
187 126 272 196 67]
857 130 1111 180 NOTES
1714 142 1805 193 153

141 243 274 282 viam
304 240 530 282 munzeba
541 247 614 290 nt
641 241 762 282 Tusc.
785 250 800 279 1
821 242 842 289 ξ
864 254 911 292 3²
935 254 1166 302 numquam
1195 241 1336 280 abisset
1365 240 1432 288 (ad
1454 240 1554 280 deos
1575 241 1808 290 Hercules),

143 296 238 342 nzsi,
260 310 351 334 cnm
373 297 486 335 mter
503 296 682 335 hommes
700 301 804 340 esset,
825 309 912 334 cam
932 295 1011 334 szbz
1029 309 1155 334 vzam
1177 295 1502 334 muanvzsset

226 351 413 390 ‘Notar
386 349 730 401 gratificationem
751 350 967 388 molestam
989 355 1028 388 et
1050 362 1142 388 curn
1172 348 1361 400 magnis
1351 348 1636 387 amaritudinis
1657 348 1810 389 aculeis

142 403 438 456 interpositam.
501 404 655 443 Dicens
681 417 859 455 namque
886 416 969 442 non
994 403 1112 442 aliter
1131 404 1183 442 ad
1210 403 1386 442 honores
1414 402 1702 454 adipiscendos
1722 417 1809 454 per-

141 465 357 498 venturum
387 471 474 497 esse
504 458 769 497 Laterensem
809 471 933 509 quam
973 457 1133 496 Tullius
1171 457 1630 509 ipse...de...subiunxit
1670 457 1809 496 testifi-

142 513 288 558 cando,
310 525 352 552 se
381 525 465 550 non
494 512 654 563 generis
683 511 898 550 nobilitate
928 512 998 551 sed
1027 512 1178 551 virtute
1200 512 1253 550 ad
1279 511 1417 550 omnis·
1440 511 1700 562 magistratus
1720 524 1809 563 per-

141 566 328 615 venisse;
370 567 634 605 Laterensem
669 566 747 604 hoc
777 566 954 617 amplius
985 566 1211 604 adiumenti
1246 565 1499 610 habiturum,
1534 566 1646 616 quod
1679 565 1811 604 nobili

139 620 297 659 familia
328 627 439 659 ortus
470 620 512 658 in
548 620 764 659 candidam
799 620 952 658 veniat.
1013 620 1102 659 Sibi
1137 633 1235 671 ergo
1268 619 1520 659 adiudicavit
1551 632 1633 658 non
1669 619 1808 658 laeno-

140 674 248 714 cinia
279 675 439 726 generis
473 674 544 713 sed
575 673 867 724 praestantiam
901 674 1090 722 virtutis3
1132 674 1192 712 illi
1226 687 1323 713 vero
1354 687 1471 725 spem
1505 674 1557 712 de
1586 673 1811 713 maioribus

140 729 268 778 dedit,
294 729 405 781 quod
426 728 663 779 suffragium
683 728 833 767 scimus
853 741 941 767 esse
963 726 1182 768 fortunae.'
1240 738 1398 768 SCHOL.
1435 737 1578 767 AMBR.

220 813 248 850 1.
284 815 344 849 24.
405 813 521 858 quod
556 812 1065 857 ego—commendatione
1104 810 1338 859 maiorum]
1368 810 1438 849 the
1476 808 1692 849 antithesis
1731 807 1810 861 (ego

140 866 336 914 ascendi),
361 865 497 903 which
524 877 659 904 serves
693 877 736 903 as
765 878 789 903 a
819 863 890 903 soil
922 870 965 903 to
998 864 1119 915 bring
1144 871 1215 903 out
1242 865 1313 903 the
1342 863 1533 916 thought,
1563 865 1643 902 and
1674 864 1810 903 which

140 933 202 959 we
222 919 368 958 should
391 919 603 958 introduce
621 931 666 956 as
693 931 717 957 a
737 918 1001 957 subordinate
1030 919 1167 957 clause
1196 919 1251 969 by
1272 922 1281 939 ⁴
1298 917 1450 965 while‚'
1470 919 1504 957 is
1523 918 1810 957 co-ordinated

141 987 186 1012 as
217 987 241 1013 a
266 973 379 1012 main
405 973 554 1013 clause.
617 973 695 1013 See
714 973 846 1011 above
875 974 896 1020 ἕ
926 986 973 1022 41
998 973 1026 1011 1.
1050 986 1098 1024 32
1129 985 1186 1020 n.‚
1222 973 1422 1024 N'agelsb.
1458 973 1530 1011 lat.
1553 972 1646 1012 Stil.
1671 974 1692 1021 ἕ
1717 971 1804 1021 160,

140 1027 274 1077 §161.

220 1111 248 1149 1.
275 1113 336 1148 25.
395 1107 497 1158 huc]
526 1119 581 1148 sc.
606 1108 666 1147 ad
696 1107 929 1159 gloriam.

221 1195 332 1224 ame
347 1183 488 1231 ortus]
521 1183 662 1222 Madv.
688 1183 740 1222 de
759 1182 830 1221 fin.
853 1193 883 1221 v
905 1185 924 1231 §
946 1180 998 1233 64
1017 1196 1059 1234 p.
1084 1191 1175 1232 720.
1235 1183 1381 1222 Cicero
1401 1197 1484 1222 was
1505 1188 1649 1222 auctor
1666 1183 1809 1222 nobili-

142 1239 240 1279 tatzs
258 1252 356 1277 suae
378 1238 515 1284 (Tusc.
543 1247 589 1275 IV
610 1238 631 1284 ξ
654 1237 692 1286 2)
726 1236 820 1275 ‘the
849 1236 1023 1275 founder
1052 1237 1098 1275 of
1122 1237 1186 1276 his
1206 1236 1382 1288 family‚’
1403 1251 1461 1283 or,
1493 1251 1537 1276 as
1564 1238 1617 1277 he
1646 1251 1738 1288 says
1766 1236 1815 1276 of

141 1294 327 1354 Pompey
355 1292 485 1341 (Brut.
513 1292 534 1338 ἓ
565 1289 646 1344 96),
678 1291 806 1335 lzomo,
834 1297 911 1342 per
937 1305 976 1330 se
1008 1305 1071 1342 cog
1054 1292 1199 1338 onim
1234 1291 1323 1330 sine
1351 1292 1440 1330 ulla
1470 1291 1814 1330 commendatione

140 1347 358 1394 maonrnnz
385 1346 466 1385 and
496 1346 543 1384 of
568 1346 674 1384 Cato
706 1344 838 1396 (Verr.
872 1355 908 1383 ΙΙ
939 1356 960 1394 5
991 1346 1012 1392 ἓ
1047 1346 1138 1395 180)
1171 1346 1253 1396 zpse
1279 1345 1350 1384 sui
1371 1346 1533 1396 generis
1560 1346 1734 1384 initium
1762 1358 1811 1384 ac

141 1402 320 1440 nomi'nzs
346 1401 396 1438 ab
423 1413 462 1438 se
483 1411 605 1451 gzgnz
633 1405 672 1438 et
691 1400 918 1450 ffiopaoarz‘
941 1400 1106 1438 volebat.
1163 1399 1267 1438 Also
1288 1399 1336 1438 of
1357 1399 1528 1439 himself
1553 1400 1627 1448 (or.
1653 1401 1705 1438 de
1725 1400 1805 1451 leg.

139 1469 224 1507 agr.
251 1456 328 1502 1Ιὲ
355 1456 389 1503 1)
413 1454 528 1502 mi‘lzc,
558 1454 748 1503 Quirztes,
774 1454 888 1505 apud
911 1466 979 1491 vos
1006 1454 1052 1492 de
1076 1453 1173 1492 meis
1200 1453 1423 1492 maioribus
1446 1454 1605 1492 dicendi
1621 1454 1812 1505 facultas

138 1523 223 1550 non
255 1510 393 1556 datur,
432 1522 515 1547 non
548 1521 626 1559 quo
658 1522 740 1546 non
774 1509 870 1546 tales
894 1507 1076 1558 fuerint,
1120 1509 1260 1559 quales
1297 1520 1370 1546 nos
1406 1509 1576 1547 illorum
1612 1508 1815 1559 sanguine

139 1570 289 1604 creatos
318 1563 625 1613 disciplinisque
658 1562 867 1600 institutos
899 1562 1058 1608 videtis,
1091 1562 1161 1600 sed
1186 1562 1295 1612 quod
1323 1563 1442 1601 lande
1465 1563 1664 1614 populari
1690 1568 1815 1614 atque

139 1619 304 1659 lzonoris
322 1617 448 1656 vestri
466 1617 552 1655 luce
567 1622 804 1655 caruerunt.

219 1702 250 1739 1.
285 1703 344 1738 26.
408 1701 494 1738 sed.
534 1700 587 1737 ut
622 1696 816 1746 redeam]
847 1709 872 1736 a
903 1696 1001 1736 final
1035 1697 1333 1749 parenthetical
1363 1698 1512 1747 clause,
1545 1698 1568 1746 ἓ
1597 1708 1646 1748 25
1677 1697 1705 1737 1.
1742 1695 1804 1746 26,

140 1756 161 1803 ἓ
182 1753 232 1794 62
254 1754 282 1793 l.
304 1766 326 1804 3
333 1766 370 1803 3.
430 1752 533 1792 This
553 1752 587 1790 is
607 1765 631 1791 a
651 1765 843 1791 common
863 1752 968 1790 form
988 1751 1035 1791 of
1050 1753 1256 1792 revocatio.

219 1836 248 1873 1.
273 1837 336 1873 2⁷.
395 1832 530 1903 sprte]
560 1845 604 1871 as
623 1837 814 1884 quaestor
838 1831 885 1871 of
910 1832 1171 1878 Macedonia,
1193 1832 1256 1871 for
1276 1833 1347 1872 the
1366 1838 1577 1885 quaestors
1594 1833 1678 1873 had
1704 1832 1812 1873 their

139 1887 424 1940 ‘provinciae’
457 1886 713 1925 determined
743 1887 800 1937 by
831 1886 904 1931 lot,
937 1900 982 1925 as
1014 1887 1098 1926 Cic.
1139 1887 1232 1926 tells
1262 1901 1310 1927 us
1347 1901 1412 1939 ep.
1449 1889 1503 1926 ad
1538 1887 1619 1938 Qu.
1654 1888 1700 1926 fr.
1739 1897 1756 1926 Ι
1790 1901 1806 1927 1

139 1947 443 1995 quaestorem
472 1941 600 1986 habes,
629 1953 711 1979 non
733 1946 804 1979 tuo
829 1941 981 1980 iudz'czo
1003 1942 1209 1986 delectum,
1234 1941 1305 1980 sed
1324 1955 1415 1980 eum
1438 1955 1553 1993 quem
1577 1955 1663 1980 sors
1685 1942 1806 1990 dedit,

137 1998 182 2036 in
217 1996 268 2047 Q.
309 1996 428 2035 Caec.
463 1995 547 2033 div.
577 1996 598 2043 ἓ
627 1993 679 2043 46
708 1996 980 2046 quaestorzs
1008 2007 1099 2033 cum
1122 2001 1313 2046 praetore
1340 1997 1685 2042 necessztudznem,
1719 2009 1811 2035 con-

80 2088 83 2091 .
137 2051 330 2090 stz'tutam
349 2063 458 2089 more
476 2048 696 2096 maiorum,
720 2049 870 2087 sortzs
894 2049 1149 2100 religione.

219 2125 335 2174 lege]
372 2124 415 2164 in
444 2125 514 2163 the
543 2124 696 2163 service
726 2123 773 2163 of
795 2138 881 2163 war
916 2137 961 2164 as
990 2125 1186 2164 tribunus
1213 2125 1411 2173 mimum,
1436 2127 1585 2174 which,
1613 2141 1658 2167 as
1685 2127 1812 2180 being

140 2181 315 2221 ordered
336 2180 389 2231 by
409 2179 502 2224 law,
523 2178 576 2217 he
596 2179 718 2217 could
739 2184 811 2218 not
832 2179 975 2218 evade.

220 2252 532 2301 necessitate]
523 2266 565 2291 1n
585 2252 654 2291 the
673 2252 859 2291 business
875 2251 923 2291 of
936 2252 1006 2292 the
1024 2253 1198 2302 societas,
1216 2253 1352 2294 which
1371 2255 1436 2293 his
1456 2255 1588 2295 father
1603 2256 1811 2296 entrusted

138 2308 226 2348 him
245 2308 361 2347 with.
419 2308 501 2346 But
531 2306 737 2345 Ferratius
766 2306 984 2358 interprets
1014 2309 1237 2346 necessitate
1268 2309 1487 2348 otherwise
1523 2314 1638 2349 ‘curn
1667 2311 1743 2350 fuit
1767 2311 1810 2350 in

137 2363 279 2403 Africa
301 2361 419 2400 miles
446 2361 501 2399 A.
524 2359 737 2412 Torquati,
763 2360 806 2399 in
837 2361 960 2400 Creta
990 2360 1042 2411 Q.
1073 2362 1247 2408 Metelli,
1269 2376 1318 2401 ea
1340 2364 1582 2403 necessitate
1610 2365 1813 2404 adductus

139 2430 220 2469 qua
253 2428 398 2455 omnes
429 2414 681 2467 cogebantur
707 2421 801 2466 post
831 2421 1038 2467 sumptam
1065 2416 1227 2455 virilem
1260 2422 1400 2468 togam
1434 2418 1578 2457 decem
1605 2419 1813 2471 stipendia

137 2468 304 2510 facere?

218 2555 352 2594 1.28.
393 2561 482 2590 11011
507 2552 653 2590 valuit
684 2553 815 2589 rebus
851 2553 992 2590 isdem
1019 2551 1120 2601 ceu]
1150 2565 1235 2591 was
1264 2558 1338 2592 not
1369 2567 1421 2592 an
1451 2558 1590 2594 orator
1617 2567 1664 2594 or
1690 2555 1812 2594 zuns-

138 2607 358 2646 consultus.
412 2604 706 2657 Eloquentiam
735 2604 956 2656 significari
986 2611 1027 2645 et:
1052 2606 1150 2646 iuris
1180 2607 1443 2658 prudentiam
1473 2621 1496 2647 e
1526 2609 1548 2656 ἓ
1579 2606 1629 2648 62
1659 2610 1812 2662 conligi

138 2665 289 2712 potest.
347 2670 403 2699 W.

220 2736 380 2782 quibus
399 2735 587 2773 fortasse
611 2742 701 2772 non
723 2731 855 2782 num]
886 2745 943 2772 sc.
963 2733 1044 2772 val
1058 2739 1156 2773 ent.
1216 2734 1379 2773 ‘Verbo
1398 2735 1600 2774 nonnulli
1620 2748 1713 2775 cum
1733 2736 1813 2788 sig-

139 2788 278 2882 ἓξὲξ
290 2793 414 2881 etsesqte
445 2788 723 2880 Iaeterensem,
748 2800 842 2826 cum
871 2787 1096 2827 acerbitate
1125 2794 1240 2840 patet
1273 2789 1513 2828 adverbium
1533 2790 1713 2841 sortasse
1742 2792 1814 2831 ad-
