2046 3112
269 123 363 169 226
518 83 521 86 ¹
722 119 874 167 PRO
925 120 1034 168 CN.
1074 121 1409 170 PLANCIO

1072 282 1106 321 P

266 393 454 445 Papiria,
477 393 617 441 tribus,
636 393 678 432 in
697 406 779 446 qua
798 392 1023 432 Tusculani
1043 392 1236 443 suffragia
1250 391 1449 439 serebant,
1476 390 1526 430 19
1549 401 1594 430 21

271 462 318 510 Q.
341 459 503 508 Pedius,
542 460 727 499 Caesaris
761 473 811 499 ex
839 472 978 499 sorore
1011 472 1139 512 nepos
1170 466 1211 498 et
1241 473 1266 499 a
1296 458 1471 498 Caesare
1504 457 1673 498 coheres
1703 457 1934 498 Octaviano

321 528 506 579 scriptus,
535 520 690 567 'auctor
731 527 834 579 legis
870 527 1022 567 Pediae
1058 533 1202 567 contra
1233 527 1319 566 eius
1349 526 1642 575 interfectores,
1681 526 1933 566 aedilitatem

320 595 440 647 petiit
458 608 552 634 cum
570 595 646 635 Cn.
673 594 841 633 Plancio
861 607 899 635 a.
925 607 989 645 54,
1014 593 1065 636 17
1082 608 1146 646 33,
1168 593 1219 633 54
1240 596 1265 634 8

267 664 384 703 Piso:
414 677 451 702 V.
476 676 506 702 s.
533 662 786 713 Calpurnius

274 732 350 771 Cn.
375 731 583 778 Plancius,
608 737 737 782 pater,
771 743 895 782 eques
930 731 1156 778 Romanus,
1186 730 1379 782 princeps
1409 728 1736 782 publicanorum,
1785 727 1838 766 24
1872 741 1932 775 11,

323 797 594 836 maximarum
623 796 866 836 societatum
884 803 1039 845 auctor,
1073 796 1342 848 plurimarum
1370 796 1565 847 magister
1592 796 1644 833 32
1678 797 1740 843 28,
1765 795 1938 834 nimium

324 866 502 903 retinens
521 863 619 902 iuris
634 863 832 915 equestris
852 869 892 903 et
911 863 1111 902 libertatis
1132 863 1182 901 55
1210 875 1242 909 1,
1265 863 1351 902 eius
1370 862 1478 902 filius

276 933 353 972 Cn.
376 932 590 979 Plancius,
614 933 727 970 omni
746 931 868 971 laude
887 933 1150 984 dignissimus
1171 931 1208 981 1,
1230 932 1427 971 oriundus
1443 945 1491 971 ex
1504 931 1758 984 praefectura
1778 930 1940 970 Atinati

327 999 377 1038 19
403 1001 464 1047 18,
498 998 541 1037 in
565 999 812 1037 Macedonia
841 999 935 1039 trib.
959 999 1046 1039 mil.
1072 1006 1112 1039 et
1132 1006 1324 1051 quaestor
1349 999 1398 1039 L.
1423 999 1624 1051 Appuleii
1643 1012 1680 1039 a.
1707 1000 1771 1050 58,
1788 998 1839 1036 28
1862 1010 1939 1049 333

326 1079 364 1106 a.
399 1064 450 1116 56
478 1065 572 1105 trib.
599 1065 657 1117 pl.
681 1065 733 1104 28
754 1067 805 1114 83
832 1079 869 1106 a.
905 1077 953 1116 55
989 1066 1243 1105 aedilitatem
1273 1065 1404 1118 petiit,
1437 1079 1473 1106 a.
1511 1077 1562 1116 54
1595 1078 1688 1104 cum
1715 1065 1768 1104 A.
1805 1063 1941 1103 Plotio

327 1140 485 1173 creatus
513 1139 574 1173 est
602 1140 723 1173 antea
759 1146 785 1172 a
813 1133 1004 1173 Iuventio
1033 1134 1256 1173 Laterense
1285 1134 1337 1172 de
1363 1133 1522 1172 ambitu
1549 1139 1774 1178 accusatus,
1795 1131 1868 1170 sed
1888 1130 1942 1169 ab

320 1202 556 1242 'Hortensio
576 1208 616 1241 et
638 1202 837 1241 Cicerone
858 1202 1048 1241 defensus
1067 1208 1109 1241 et
1127 1201 1340 1240 absolutus
1370 1201 1612 1240 Ciceronem
1636 1201 1870 1239 exulantem
1899 1199 1942 1240 in

329 1269 578 1309 Macedonia
620 1269 798 1321 benigne
843 1275 998 1308 tutatus
1045 1277 1118 1317 est,
1170 1269 1222 1309 99
1272 1281 1354 1319 24;
1390 1281 1496 1308 unus
1539 1269 1591 1307 de
1636 1269 1942 1320 magistratibus

329 1338 519 1377 defensor
543 1337 685 1376 salutis
707 1337 917 1376 Ciceronis
938 1338 989 1377 78
1015 1351 1062 1387 14

276 1407 332 1444 A.
370 1405 531 1444 Plotius
567 1404 782 1450 Silvanus,
825 1403 1107 1443 ornatissimus
1148 1403 1289 1452 homo,
1332 1401 1544 1441 familiaris
1583 1402 1809 1449 Ciceronis,
1851 1416 1944 1442 cum

332 1473 407 1513 Cn.
445 1472 615 1511 Plancio
645 1486 682 1513 a.
720 1481 768 1521 54
801 1472 947 1511 aedilis
980 1472 1109 1511 factus
1141 1477 1216 1518 est,
1245 1477 1412 1524 praetor
1439 1471 1620 1510 urbanus
1646 1484 1682 1510 a.
1723 1483 1787 1522 51,
1823 1471 1872 1512 17
1907 1484 1941 1518 1,

330 1540 382 1580 54
403 1543 441 1589 8,
470 1551 515 1591 15

282 1611 358 1650 Cn.
394 1608 609 1660 Pompeius
643 1608 719 1648 Cn.
740 1607 783 1660 f.
818 1609 909 1648 Sex.
948 1622 991 1646 n.
1025 1608 1223 1659 Magnus,
1263 1611 1272 1628 ‘
1292 1604 1507 1654 triumvir,’
1538 1619 1578 1646 n.
1602 1619 1638 1645 a.
1667 1604 1755 1654 106,
1786 1614 1941 1654 auctor,

330 1677 426 1724 dux,
450 1676 640 1714 defensor
667 1675 810 1715 salutis
834 1675 1060 1723 Ciceronis,
1084 1675 1127 1714 in
1153 1688 1197 1714 re
1215 1689 1258 1727 p.
1288 1674 1478 1726 princeps
1502 1673 1552 1713 93
1584 1686 1619 1724 7,
1652 1674 1864 1713 Ciceronis
1892 1674 1944 1713 ad

332 1758 426 1785 eum
446 1743 621 1796 epistula
640 1743 690 1781 85
714 1756 765 1793 30
1569 1744 1575 1748 “
1947 1743 1951 1746 ’

278 1814 344 1852 M.
375 1812 549 1851 Porcius
581 1813 679 1850 Cato
712 1811 926 1850 Censorius
955 1808 1132 1862 (maior),
1162 1823 1339 1862 proavus
1371 1808 1592 1856 Uticensis,
1631 1809 1799 1848 Tusculi
1826 1815 1946 1850 natus

332 1893 368 1919 a.
405 1893 501 1931 234,
529 1879 580 1916 20
614 1891 677 1929 33,
711 1879 874 1929 sapiens
904 1879 1148 1930 appellatus,
1191 1884 1328 1916 orator
1361 1883 1402 1916 et
1431 1877 1605 1929 scriptor
1631 1877 1945 1925 celeberrimus;

332 1949 488 1988 dictum
508 1948 594 1987 eius
614 1948 656 1986 in
682 1948 922 2000 Originibus
943 1947 994 1986 66
1019 1946 1066 1986 16

277 2017 499 2063 Praeneste,
523 2016 620 2054 urbs
649 2015 758 2054 Latii
787 2029 811 2054 a
842 2015 978 2054 Roma
1006 2015 1206 2055 orientem
1233 2027 1372 2054 versus
1397 2014 1440 2053 in
1465 2014 1674 2053 montibus
1702 2014 1792 2060 sita,
1821 2014 1946 2054 hodie

335 2084 583 2132 Palestrina,
607 2083 694 2122 ludi
714 2083 772 2121 ibi
793 2083 967 2122 instituti
988 2083 1070 2135 (ep.
1093 2084 1146 2122 ad
1165 2084 1254 2123 Att.
1279 2092 1349 2121 XII
1372 2095 1408 2128 2,
1432 2083 1472 2131 2)
1494 2081 1544 2120 63
1570 2096 1619 2122 10

279 2152 344 2190 M.
374 2150 536 2202 Pupius
562 2151 660 2189 Piso
693 2149 1019 2199 Calpurnianus,
1049 2150 1269 2201 adoptatus
1296 2163 1321 2188 a
1350 2150 1410 2189 M.
1437 2149 1584 2200 Pupio,
1613 2149 1739 2188 homo
1777 2149 1946 2190 nobilis-

334 2217 484 2265 simus3
526 2217 569 2255 in
597 2216 818 2271 aedilitatis
847 2215 1045 2268 petitione
1075 2216 1137 2256 M.
1172 2216 1269 2255 Seio
1297 2215 1558 2268 posthabitus
1588 2214 1637 2252 12
1671 2216 1735 2260 28,
1765 2227 1948 2255 summos

336 2294 472 2323 tamen
490 2283 668 2322 honores
688 2288 833 2334 postea
852 2283 1039 2333 adeptus,
1063 2295 1143 2321 cos.
1169 2295 1205 2320 a.
1231 2280 1278 2320 61
1303 2281 1355 2319 51
1381 2294 1396 2319 1

281 2352 447 2397 Puteoli,
487 2350 587 2389 olim
618 2349 873 2401 Δικαιαρχία,
913 2349 1169 2400 Campaniae
1209 2348 1439 2400 emporium
1467 2348 1521 2387 ad
1549 2347 1684 2388 sinum
1713 2348 1947 2387 Cumanum

335 2432 357 2457 e
396 2417 562 2469 regione
591 2416 742 2456 Miseni
770 2416 1056 2469 promuntorii,
1088 2416 1213 2455 hodie
1243 2414 1496 2462 Pozzuoli,
1529 2428 1554 2454 a
1581 2415 1746 2466 puteis
1775 2415 1942 2462 dictum,

335 2484 386 2523 65
408 2497 459 2537 29

1086 2615 1124 2653 R

285 2723 474 2762 Lucilius
506 2723 704 2771 Racilius,
749 2722 843 2763 trib.
877 2722 933 2774 pl.
973 2735 1009 2762 a.
1047 2721 1110 2772 56,
1144 2721 1388 2762 fortissimus
1417 2712 1458 2761 et
1486 2721 1838 2761 constantissimus
1872 2721 1946 2769 vir,

271 2810 274 2811 ⁷
341 2790 551 2830 Ciceronis
570 2790 886 2830 studiosissimus
907 2790 956 2830 77
976 2803 1023 2841 32
