2046 3112
262 149 326 197 83
749 150 901 200 PRO
951 150 1059 200 CN.
1095 151 1429 201 PLANCIO
1581 150 1706 219 [ΧΠ
1742 153 1923 214 530-,

261 252 598 303 ‘.unrestrained,'
616 253 666 295 cf.
698 267 756 294 or.
783 268 824 307 p.
858 256 996 296 Scaur.
1027 264 1071 303 15
1099 253 1246 307 (Orelli
1271 269 1312 308 p.
1338 265 1389 295 1v
1407 269 1450 308 p.
1470 256 1549 306 958
1570 257 1634 296 ed.
1659 254 1699 309 2)
1732 257 1923 296 dominus

258 312 315 345 est
331 307 412 358 ipse
427 308 648 347 voluntatis
665 322 761 348 suae
778 310 824 348 in
844 323 921 361 quo
939 315 995 348 est
1013 309 1110 360 imp
1118 310 1260 348 unita
1280 310 1500 349 mentiendi
1512 310 1689 350 licentia.
1741 312 1819 350 See
1833 312 1922 350 also

259 360 312 399 de
340 366 442 400 orat.
474 372 487 400 1
517 363 538 410 §
569 361 647 402 226
673 369 809 401 tamen
835 377 958 402 suum
987 364 1053 402 ius
1079 370 1199 416 atque
1224 364 1413 402 omnium
1440 377 1581 403 rerum
1623 365 1922 416 impunitam

258 413 475 454 lz'bertatem
495 421 626 455 tenere
641 416 786 455 debeat.

338 497 368 534 1.
389 499 428 534 4.
484 499 659 544 raptam
689 498 801 547 esse]
829 510 886 537 sc.
917 497 1059 537 dicis.
1119 500 1347 537 mimulam
1377 501 1424 538 ‘a
1443 511 1546 550 poor
1567 497 1746 544 actress,'
1768 499 1924 546 (whose

258 549 485 601 profession
513 563 595 590 was
623 552 822 602 regarded
849 564 894 590 as
922 551 1137 599 infamous,
1181 554 1329 603 Mayor
1358 553 1453 605 Juv.
1483 562 1572 592 V111
1607 555 1653 591 18
1660 554 1828 604 3—198,
1862 566 1921 591 or.

261 602 368 642 Phil.
399 613 434 642 11
465 605 486 651 §
516 604 565 654 58
595 605 623 643 1.
658 606 735 656 19),
769 619 822 644 an
856 606 1026 644 ironical
1054 606 1310 655 diminutive,
1343 620 1398 646 on
1436 606 1572 646 which
1610 619 1678 646 see
1715 619 1758 645 n.
1787 620 1842 646 on
1870 607 1923 646 de

260 656 327 696 off.
354 666 370 695 1
391 658 412 705 §
432 670 497 707 41,
524 668 560 696 11
581 659 602 705 ξ
623 658 685 708 56,
712 669 769 698 111
790 660 812 707 ἓ
834 669 897 710 73,
918 661 940 707 ἓ
961 661 1023 712 89.

338 740 370 777 1.
391 742 428 777 5.
485 749 514 778 a
539 739 787 789 iuventute]
817 739 892 792 ‘by
917 754 942 779 a
965 741 1079 792 body
1103 739 1151 780 of
1174 738 1351 792 youths‚’
1377 740 1472 780 who
1500 740 1600 780 took
1628 741 1857 792 advantage
1882 739 1931 779 of

259 792 330 831 the
355 792 510 831 licence
533 793 580 831 of
604 793 674 832 the
700 794 835 833 scenic
857 808 1024 846 games3
1053 794 1105 834 cf.
1126 795 1214 834 Liv.
1242 805 1277 834 11
1304 797 1350 834 18
1370 808 1409 834 eo
1427 809 1538 834 anno
1558 796 1722 843 Romae,
1744 808 1836 834 cum
1854 801 1928 845 per

259 846 374 884 ludos
391 847 440 885 ab
459 847 710 886 Sabinorum
734 848 944 887 iuventute
963 855 1037 899 per
1059 849 1268 888 lasciviam
1293 855 1420 887 scorta
1447 854 1702 899 raperentur,
1726 860 1925 887 concursu

259 900 472 947 hominum
510 901 607 939 rixa
643 914 690 939 ac
726 909 852 953 prope
886 903 1090 954 proellum
1125 903 1231 955 suit.
1306 903 1518 942 ‘Ceterum
1563 902 1792 942 iuventus
1830 902 1926 941 ista

260 954 508 1005 oppidana
538 955 619 993 iarn
639 956 787 994 veteris
813 955 871 994 rei
894 957 1085 1008 publicae
1107 963 1385 1008 tempore-per
1404 956 1563 1007 singula
1585 956 1808 1008 municipia
1828 968 1923 994 con-

259 1004 366 1059 legia
402 1008 565 1047 videtur
600 1009 870 1054 constituisse,
910 1023 1014 1062 quae
1047 1023 1141 1049 suos
1187 1017 1394 1062 patronos,
1442 1016 1659 1058 curatores,
1710 1009 1926 1061 magistros

260 1067 576 1114 quaestoresque
611 1057 831 1109 habebant,
860 1076 907 1102 ac
937 1064 1081 1102 diebus
1106 1064 1219 1103 sestis
1251 1076 1419 1112 operam
1446 1064 1652 1103 navabant
1683 1064 1791 1102 ludis
1821 1063 1925 1102 cele-

260 1115 441 1154 brandis.
492 1116 672 1187 ‚Saepius
698 1117 912 1157 Iuvenes⁴
938 1123 978 1156 et
1007 1117 1245 1157 Iuventus
1276 1116 1356 1157 hoc
1385 1130 1505 1157 sensu
1535 1117 1578 1156 in
1607 1117 1813 1169 lapidibus
1842 1129 1926 1156 rne-

260 1176 484 1209 morantur.
559 1180 635 1210 OR.

338 1237 512 1288 Atinae]
540 1239 562 1286 ἓ
586 1237 682 1290 191.
702 1249 767 1280 21.

338 1322 367 1359 1.
393 1325 428 1361 6.
489 1320 603 1370 lure]
643 1324 653 1343 ‘
668 1319 899 1374 p1·ivilege.'
941 1323 1161 1369 oppidano
1196 1321 1227 1370 )(
1261 1335 1287 1360 u
1298 1322 1472 1370 rbano,
1514 1323 1524 1342 ‘
1540 1317 1797 1372 provincial.’
1854 1319 1920 1360 Cf.

262 1375 374 1414 Brut.
402 1376 423 1422 ἓ
456 1388 531 1426 242
562 1381 647 1427 opp
655 1376 734 1414 ida
742 1389 800 1415 no
828 1375 1001 1428 quodam
1031 1382 1069 1415 et
1093 1374 1296 1414 incondito
1321 1388 1464 1426 genere
1482 1375 1653 1420 dicendi,
1680 1375 1779 1414 Tac.
1812 1374 1924 1413 Arm.

261 1437 310 1467 VI
343 1440 386 1478 15
419 1429 579 1474 Vinicio
608 1430 912 1481 oppidanum
925 1443 1070 1482 genus,
1099 1439 1182 1468 XIV
1210 1439 1255 1479 17
1283 1435 1367 1481 opp
1377 1430 1456 1468 ida
1465 1443 1527 1468 na
1550 1429 1722 1467 lascivia
1749 1428 1924 1467 invicem

262 1482 495 1522 incessentes
502 1484 671 1535 probra.

340 1582 362 1628 ἓ
379 1585 460 1626 31,
475 1583 506 1619 1.
520 1586 557 1622 7.
591 1582 835 1632 eleganter]
854 1581 922 1622 i.e.
935 1583 1101 1631 honeste,
1114 1579 1360 1634 ‘correctly‚’
1375 1580 1682 1634 ‘blamelessly.’
1700 1582 1766 1621 Cf.
1776 1581 1828 1621 de
1839 1594 1924 1621 sen.

261 1636 282 1684 ἓ
299 1646 344 1684 13
366 1635 494 1687 quiete
509 1642 547 1674 et
556 1643 666 1686 pure
683 1642 803 1688 alque
820 1637 1068 1688 eleganter
1084 1643 1192 1675 actae
1210 1638 1362 1685 aetatis,
1384 1636 1473 1675 Liv.
1487 1650 1595 1675 xxxv
1610 1648 1672 1684 31,
1688 1649 1734 1687 14
1755 1649 1928 1687 magnae

260 1689 305 1728 ob
331 1690 578 1740 eleganter
607 1695 740 1729 actam
768 1691 898 1729 vitam
927 1691 1196 1736 auctoritatis,
1228 1691 1342 1729 Brut.
1370 1692 1391 1738 ἓ
1419 1702 1493 1742 295
1523 1691 1687 1729 nomine
1716 1692 1788 1729 nos
1815 1690 1926 1741 capis

261 1744 415 1782 summi
432 1744 521 1782 viri
535 1744 718 1795 vitaeque
734 1745 1123 1796 elegantissimae
1141 1745 1364 1784 verissimis
1382 1744 1583 1790 laudibus,
1604 1757 1668 1795 ep.
1690 1744 1743 1783 ad
1762 1745 1851 1782 Att.
1872 1753 1923 1782 VI

264 1809 284 1835 2
306 1798 328 1844 ἓ
348 1799 372 1837 8
400 1797 475 1836 ain
500 1798 673 1846 tandem,
705 1799 849 1847 Attice,
881 1799 1075 1838 laudator
1098 1798 1350 1849 integritatis
1373 1803 1411 1837 et
1438 1798 1707 1848 elegantiae
1736 1797 1926 1836 nostrae?

263 1851 360 1890 Tac.
395 1852 506 1890 Ann.
542 1861 626 1889 XIV
657 1864 704 1904 19
733 1852 894 1891 celebris
925 1853 1172 1903 elegantia
1205 1852 1323 1897 vitae,
1358 1851 1427 1891 i.e.
1471 1852 1556 1890 ‘for
1586 1852 1655 1891 the
1685 1851 1925 1891 refinement

262 1905 310 1943 of
323 1905 386 1943 his
405 1903 504 1949 life,’
524 1919 550 1944 v
570 1907 593 1944 8
613 1905 862 1957 Pomponius
887 1908 1020 1946 multa
1047 1920 1207 1945 morum
1232 1905 1477 1957 elegantia
1506 1911 1543 1944 et
1561 1905 1725 1956 ingenio
1745 1905 1918 1958 illustri,

262 1971 321 1997 or.
348 1972 390 2010 p.
414 1959 514 1998 Sull.
543 1960 565 2006 ἓ
588 1970 636 2011 79
655 1960 731 2011 qui
754 1973 846 1999 cum
873 1974 1037 1999 summa
1067 1960 1311 2011 elegantia
1340 1965 1460 2011 atque
1484 1959 1713 2011 integritate
1741 1959 1918 2006 vixistis,

262 2012 397 2051 where
436 2013 567 2052 Halm
603 2013 679 2053 has
716 2013 786 2053 the
823 2014 1036 2065 following
1077 2013 1360 2053 observation:
1388 2058 1392 2063 ,
1414 2013 1544 2063 ‘Quid
1582 2013 1634 2052 sit
1672 2012 1925 2063 elegantia

260 2066 413 2114 vitae,
464 2067 633 2118 optime,
673 2068 831 2120 opinor,
872 2068 1099 2119 intellegas,
1142 2068 1176 2107 si
1214 2067 1476 2119 reputaveris,
1524 2080 1629 2118 quae
1674 2066 1926 2118 elegantia

261 2119 460 2160 sermonis
490 2120 662 2159 dicatur.
722 2122 781 2161 Ut
814 2122 922 2161 enim
953 2123 1055 2161 haec
1087 2121 1130 2161 in
1162 2135 1266 2173 pura
1295 2131 1335 2160 et
1367 2121 1601 2173 incorrupta
1632 2120 1926 2159 consuetudine

263 2175 440 2213 cernitur
470 2174 524 2223 (v.
551 2175 664 2213 Brut.
691 2176 712 2222 ἓ
735 2174 842 2223 261),
876 2176 933 2214 sic
964 2176 1213 2226 elegantia
1235 2175 1289 2214 ad
1314 2174 1440 2213 vitam
1466 2175 1662 2213 translata
1689 2175 1740 2213 de
1767 2187 1815 2213 ea
1841 2175 1926 2213 vita

263 2228 423 2274 dicitur,
462 2241 568 2280 quae
605 2241 727 2267 omne
764 2229 876 2281 quod
913 2230 956 2268 in
993 2229 1176 2268 moribus
1214 2229 1406 2268 vitiosum
1443 2234 1484 2268 et
1520 2234 1757 2279 corruptum
1794 2227 1925 2266 videri

262 2282 405 2333 possit,
440 2282 571 2321 oderit
604 2288 645 2321 et
674 2282 891 2334 diligenter
921 2290 1075 2331 caveat,
1110 2296 1162 2323 ne
1194 2295 1391 2335 umquam
1419 2282 1473 2321 ab
1501 2282 1675 2320 honesto
1704 2287 1745 2320 et
1774 2281 1925 2320 decoro

262 2335 480 2375 descivisse
499 2334 714 2375 videatur.’
771 2336 839 2375 On
863 2337 934 2376 the
961 2337 1156 2387 meaning
1182 2336 1229 2375 of
1255 2336 1463 2375 traducere
1493 2336 1559 2374 ‘to
1590 2333 1744 2387 spend'
1776 2332 1926 2386 ‘pass,’

264 2389 314 2429 cf.
339 2390 461 2429 Tusc.
486 2399 541 2428 111
562 2391 584 2438 ἓ
605 2401 651 2438 25
673 2390 862 2429 volumus
879 2391 950 2429 lzoc
967 2392 1075 2442 quod
1088 2391 1229 2429 datum
1249 2396 1303 2429 est-
1323 2390 1433 2428 vitae
1451 2389 1675 2440 tranquille
1691 2389 1926 2440 placideque
1970 2415 1973 2417 -

264 2444 536 2490 traducere,
561 2443 614 2483 de
639 2456 722 2483 sen.
748 2445 769 2491 ἓ
790 2445 839 2483 82
866 2444 1030 2483 otiosam
1053 2450 1218 2483 aetatem
1242 2444 1332 2483 sine
1359 2444 1443 2482 ullo
1465 2444 1598 2482 labore
1618 2448 1657 2482 et
1681 2442 1924 2482 contentione

264 2499 533 2546 traducere,
560 2497 665 2538 Hor.
691 2498 770 2550 Ep.
794 2507 826 2537 1.
851 2499 911 2547 18,
936 2508 988 2550 97
1007 2499 1258 2538 traducere
1274 2498 1420 2538 leniter
1436 2509 1597 2536 aevum.

344 2578 759 2628 cum—reperiatur]
802 2578 1018 2630 ‘although
1046 2578 1116 2618 the
1144 2583 1210 2617 act
1239 2577 1338 2616 with
1367 2575 1503 2615 which
1530 2575 1583 2614 he
1610 2574 1644 2614 is
1671 2574 1925 2626 reproached

265 2646 349 2673 was
378 2646 458 2672 one
489 2633 623 2672 which
653 2634 706 2672 he
735 2633 818 2672 had
843 2633 914 2672 the
943 2632 1140 2684 privilege
1170 2631 1217 2670 of
1244 2629 1503 2680 committing
1533 2629 1684 2677 (which
1713 2629 1764 2668 he
1793 2629 1926 2678 might

264 2686 370 2726 have
397 2686 637 2726 committed
661 2686 836 2726 without
860 2686 1076 2725 infractiori
1099 2685 1146 2724 of
1169 2685 1238 2724 the
1265 2685 1374 2732 law),
1402 2683 1484 2723 still
1511 2695 1613 2721 even
1636 2682 1724 2721 that
1744 2683 1778 2721 is
1797 2682 1924 2722 found

265 2747 308 2780 to
335 2741 388 2779 be
416 2740 560 2791 salsely
586 2740 672 2779 laid
701 2746 744 2779 to
774 2740 838 2779 his
870 2737 1045 2791 charge.’
1103 2739 1171 2779 On
1199 2749 1290 2777 cum
1319 2736 1551 2777 concessive
1579 2748 1645 2774 see
1674 2735 1809 2774 Kenn,
1844 2736 1918 2775 Gr.

265 2806 307 2844 p.
328 2794 408 2844 480
434 2795 457 2841 ξ
478 2805 566 2844 225,
592 2794 774 2845 Draeger
803 2793 899 2833 hist.
932 2794 1048 2844 Synt.
1086 2803 1121 2832 11
1154 2806 1195 2845 p.
1220 2801 1309 2842 743,
1343 2790 1487 2831 Madv.
1517 2789 1588 2830 Gr.
1623 2789 1744 2840 §358
1767 2789 1844 2828 obs.
1883 2801 1921 2840 3,

266 2847 390 2901 Roby
410 2847 481 2888 Gr.
503 2856 539 2886 11
559 2848 580 2896 ς
605 2857 719 2900 1730,
743 2859 785 2887 n.
806 2853 850 2887 to
867 2847 920 2887 de
939 2846 1009 2887 off.
1031 2856 1067 2886 11
1087 2847 1110 2895 ς
1130 2857 1193 2897 35,
1218 2846 1323 2895 §54-
