2046 3112
186 148 246 191 14
618 130 695 178 M
738 129 964 178 TVLLI
1003 129 1412 193 CICERONIS
1597 126 1754 210 [xm
1781 145 1842 192 33

181 238 331 288 dum.’
400 254 516 302 ergo
552 237 597 287 ei
632 237 821 287 ferendi
855 246 981 296 sunt,
1010 236 1094 300 qui
1126 238 1222 287 hoc
1254 245 1537 300 queruntur,
1567 235 1843 286 libertatem

180 317 357 381 equitis
381 319 597 368 Romani
627 335 679 367 se
710 320 832 367 ferre
860 334 963 366 non
994 321 1180 380 posse?
1247 317 1451 366 ubinam
1475 316 1556 365 ille
1579 319 1725 365 mos?
1758 316 1844 365 ubi

177 398 262 447 illa
291 399 511 462 aequitas
546 399 698 448 iuris?
733 399 819 448 ubi
850 398 933 447 illa
964 399 1167 461 antiqua
1197 398 1409 459 libertas,
1438 414 1566 460 quae
1597 397 1738 446 malis
1762 413 1846 460 op·

177 494 344 540 pressa
379 478 602 527 civilibus
643 480 878 527 extollere
918 478 1016 526 iam
1054 487 1203 541 caput
1239 487 1290 527 et
1330 478 1596 539 aliquando
1631 486 1846 526 recreata

179 574 232 607 se
266 558 448 621 erigere
472 559 724 607 debebat?
792 558 1014 621 equitum
1051 574 1143 620 ego
1169 560 1510 606 Romanorum
1543 557 1595 605 in
1619 556 1846 606 homines
1892 575 1911 606 5

179 639 507 688 nobilissimos
566 640 843 699 maledicta,
892 640 1269 702 publicanorum
1326 640 1379 688 in
1431 641 1492 701 Q.
1543 640 1844 698 Scaevolam,

177 719 334 768 virum
370 720 600 769 omnibus
635 720 834 783 ingenio
868 720 1051 770 iustitia
1085 721 1363 785 integritate
1397 729 1742 784 praestantem,
1775 737 1847 770 as-

177 817 294 863 pere
347 810 396 850 et
449 801 673 849 ferociter
719 811 768 850 et
813 801 966 850 libere
1025 800 1159 851 dicta
1205 803 1629 851 commemorem?
1719 804 1847 850 XIV

177 882 367 930 consuli
406 884 457 930 P.
486 882 697 931 Nasicae
736 899 915 945 praeco
947 881 1158 932 Granius
1194 882 1363 932 medio
1394 882 1444 930 in
1468 884 1590 940 foro,
1618 899 1732 931 cum
1764 883 1847 932 ille

177 962 342 1011 edicto
387 961 573 1011 iustitio
620 963 825 1011 domum
873 963 1122 1012 decedens
1174 971 1394 1027 rogasset
1439 962 1679 1032 Granium
1726 963 1846 1025 quid
1871 984 1911 1008 10

178 1042 324 1092 tristis
370 1046 535 1092 esset?
582 1060 642 1092 an
682 1045 820 1107 quod
860 1044 1070 1094 reiectae
1110 1044 1367 1093 auctiones
1408 1046 1601 1093 essent?
1666 1043 1846 1093 ‘immo

178 1123 311 1172 vero'
338 1123 498 1186 inquit
525 1126 682 1187 ‘quod
719 1125 1017 1187 legationes!
1087 1124 1222 1174 idem
1247 1125 1443 1174 tribuno
1474 1125 1647 1188 plebis,
1675 1134 1846 1188 poten·

176 1205 363 1255 tissimo
398 1206 600 1265 homini,
630 1208 701 1254 M.
731 1208 909 1267 Druso,
936 1208 1025 1256 sed
1049 1208 1204 1256 multa
1226 1206 1278 1254 in
1301 1222 1352 1254 re
1376 1206 1576 1269 publica
1607 1206 1843 1267 molienti,

177 1303 290 1335 cum
315 1286 396 1335 ille
421 1303 536 1336 eum
561 1290 820 1336 salutasset
841 1294 898 1347 et,
924 1297 979 1336 ut
1002 1289 1071 1347 fit,
1099 1288 1304 1337 dixisset
1330 1288 1471 1350 ‘quid
1496 1287 1614 1351 agis,
1642 1288 1845 1337 Grani?’

175 1367 429 1430 respondit
454 1368 631 1417 ‘immo
655 1385 771 1417 vero
788 1378 855 1428 tu,
876 1371 1050 1427 Druse,
1073 1369 1191 1430 quid
1211 1368 1362 1432 agis?'
1396 1368 1477 1417 ille
1495 1371 1549 1417 L.
1568 1365 1745 1427 Cras‘si,
1764 1369 1845 1419 ille
1870 1386 1909 1416 15

178 1448 249 1495 M.
277 1447 483 1496 Antonii
506 1449 809 1497 voluntatem
834 1449 1162 1511 asperioribus
1186 1448 1372 1498 facetiis
1397 1465 1546 1511 saepe
1569 1448 1847 1511 perstrinxit

175 1528 390 1590 impune.
468 1545 601 1577 nunc
649 1546 807 1591 usque
848 1546 910 1579 eo
957 1539 1032 1579 est
1078 1546 1315 1593 oppressa
1351 1539 1518 1578 nostra
1557 1530 1846 1593 adrogantia

175 1607 360 1668 civitas,
385 1617 453 1668 ut,
480 1625 606 1671 quae
642 1609 731 1657 fuit
767 1609 884 1658 olim
919 1611 1152 1673 praeconi
1186 1610 1237 1658 in
1271 1610 1494 1670 ridendo,
1525 1626 1660 1658 nunc
1693 1609 1846 1672 equiti

88 1691 151 1738 34
178 1690 409 1738 Romano
434 1690 485 1738 in
509 1691 750 1752 plorando
775 1707 878 1739 non
911 1691 973 1739 sit
1001 1708 1239 1740 concessa
1269 1691 1481 1740 libertas.
1552 1707 1680 1754 quae
1711 1690 1845 1739 enim

173 1785 408 1832 umquam
435 1786 534 1818 vox
562 1770 653 1818 fuit
685 1769 872 1818 Plancii
901 1770 1230 1819 contumeliae
1261 1769 1424 1833 potius
1449 1786 1599 1832 quam
1624 1769 1844 1819 doloris?
1866 1790 1909 1813 20

175 1849 297 1912 quid
333 1860 406 1899 est
429 1859 594 1899 autem
629 1867 867 1913 umquam
904 1859 1121 1913 questus,
1147 1850 1241 1899 nisi
1273 1866 1385 1898 cum
1410 1866 1440 1898 a
1463 1849 1608 1898 sociis
1645 1858 1693 1898 et
1727 1865 1758 1897 a
1792 1866 1845 1899 se

173 1929 398 1978 iniuriam
433 1932 775 1994 propulsaret?
827 1947 941 1979 cum
971 1940 1170 1979 senatus
1194 1929 1512 1992 impediretur
1535 1946 1634 1992 quo
1663 1929 1841 1990 minus,

172 2008 227 2058 id
250 2011 387 2072 quod
409 2010 634 2059 hostibus
660 2026 852 2074 semper
879 2019 983 2059 erat
1006 2009 1255 2070 tributum,
1282 2026 1572 2073 responsum
1597 2009 1844 2072 equitibus

173 2090 415 2139 Romanis
450 2092 748 2151 redderetur,
776 2091 1007 2140 omnibus
1043 2090 1126 2139 illa
1159 2089 1336 2139 iniuria
1370 2090 1531 2140 dolori
1563 2090 1654 2139 fuit
1687 2090 1845 2154 publi-

173 2170 323 2231 canis,
345 2171 432 2219 sed
458 2187 569 2220 eum
594 2172 757 2234 ipsum
782 2172 1005 2220 dolorem
1030 2171 1111 2218 hic
1135 2170 1244 2219 tulit
1268 2172 1416 2233 paulo
1440 2170 1667 2233 apertius.
1712 2187 1844 2220 com·
1866 2190 1907 2224 2⁵

172 2250 336 2299 munis
370 2250 451 2298 ille
487 2266 658 2299 sensus
684 2250 735 2298 in
760 2250 866 2299 aliis
891 2252 1096 2300 fortasse
1128 2250 1291 2299 latuit:
1326 2250 1420 2310 hic,
1447 2252 1585 2313 quod
1619 2267 1733 2299 cum
1767 2268 1845 2301 ce-

173 2330 287 2379 teris
323 2331 491 2379 animo
527 2332 786 2390 sentiebat,
812 2332 864 2381 id
895 2333 1052 2396 magis
1076 2349 1226 2396 quam
1249 2332 1396 2382 ceteri
1420 2342 1469 2382 et
1492 2334 1627 2382 voltu
1649 2349 1845 2396 promp-

87 2415 148 2463 35
174 2419 275 2458 tum
301 2411 474 2460 habuit
509 2420 558 2460 et
590 2411 768 2475 lingua.
842 2429 1158 2476 quamquam,
1183 2412 1674 2476 iudices,—agnosco
1709 2413 1843 2464 enim

175 2506 235 2538 ex
270 2495 659 2554 ine—permulta
683 2492 734 2541 in
760 2493 1031 2554 Plancium,
1059 2510 1184 2556 quae
1216 2496 1280 2542 ab
1314 2509 1374 2543 eo
1405 2509 1677 2555 numquam
1709 2493 1844 2544 dicta

175 2579 301 2631 sunt,
345 2574 674 2622 conferuntur.
748 2590 839 2637 ego
878 2574 993 2637 quia
1033 2575 1148 2624 dico
1187 2573 1373 2636 aliquid
1417 2573 1696 2636 aliquando,
1738 2590 1840 2623 non
1863 2592 1906 2624 30

174 2650 335 2699 studio
359 2652 619 2712 adductus,
647 2653 735 2702 sed
766 2663 850 2702 aut
883 2654 1202 2703 contentione
1234 2654 1434 2704 dicendi
1458 2663 1542 2703 aut
1572 2653 1838 2714 lacessitus,

173 2738 223 2777 et
257 2729 386 2791 quia,
422 2739 476 2779 ut
515 2733 570 2780 fit
604 2732 656 2779 in
703 2732 885 2793 multis,
938 2732 1039 2783 exit
1089 2733 1358 2797 aliquando
1408 2731 1594 2796 aliquid
1644 2731 1686 2780 si
1736 2749 1840 2782 non

172 2805 486 2872 perfacetum,
522 2820 572 2861 at
606 2820 773 2861 tamen
807 2813 1014 2863 fortasse
1047 2828 1151 2863 non
1187 2812 1433 2874 rusticum,
1460 2812 1596 2877 quod
1629 2812 1839 2876 quisque
