2046 3112
97 137 436 206 xxx11182]
511 141 661 190 PRO
702 141 810 190 CM
846 140 1179 191 PLANCIO
1219 140 1499 191 ORATIO
1697 156 1759 203 33

94 248 201 298 dius
221 248 380 309 fidius,
402 251 558 299 multo
582 250 724 299 citius
749 267 911 299 meam
938 252 1143 300 salutem
1169 267 1260 315 pro
1286 260 1334 300 te
1358 249 1585 300 abiecero
1610 266 1759 314 quam

93 333 182 381 Cn.
213 331 400 379 Plancii
425 332 632 380 salutem
659 331 906 381 tradidero
935 331 1242 381 contentioni
1267 341 1393 380 tuae.
1467 330 1663 391 etenim,
1692 331 1760 380 iu-
1783 335 1846 384 80

91 411 239 469 dices,
266 427 379 459 cum
404 412 632 460 omnibus
666 428 747 461 me
770 411 1028 461 virtutibus
1060 414 1308 461 adfectum
1334 427 1442 460 esse
1466 411 1625 474 cupio,
1653 420 1759 460 tum

91 491 211 540 nihil
237 501 309 540 est
334 493 470 554 quod
496 492 663 540 malim
689 509 840 555 quam
866 509 944 541 me
961 502 1009 542 et
1030 509 1136 542 esse
1153 502 1346 555 gratum
1365 502 1414 541 et
1430 492 1597 541 videri.
1635 494 1759 542 haec

53 595 72 625 5
91 579 165 620 est
189 571 322 620 enim
347 587 447 620 una
470 572 620 620 virtus
646 588 747 620 non
772 574 931 621 solum
956 572 1182 632 maxima,
1205 573 1294 621 sed
1320 571 1467 620 etiam
1492 581 1648 620 mater
1671 571 1759 620 vir-

91 660 252 701 tutum
288 652 511 700 omnium
551 652 859 716 reliquarum.
947 653 1067 716 quid
1101 661 1177 702 est
1211 652 1366 716 pietas
1405 651 1498 700 nisi
1532 653 1758 701 voluntas

89 740 224 795 grata
247 732 298 780 in
322 736 577 795 parentes?
613 734 696 796 qui
722 743 834 782 sunt
852 734 972 784 boni
995 733 1140 794 cives,
1159 733 1243 797 qui
1267 734 1396 793 belli,
1423 732 1508 796 qui
1533 732 1670 782 domi
1695 734 1758 784 de

90 810 247 873 patria
269 813 398 860 bene
422 814 678 872 merentes,
702 812 795 861 nisi
820 813 903 876 qui
927 813 1110 876 patriae
1135 812 1376 863 beneficia
1400 813 1759 862 meminerunt?

92 891 177 953 qui
201 891 370 951 sancti,
398 892 482 956 qui
506 893 796 956 religionum
822 895 1053 955 colentes,
1082 894 1176 943 nisi
1201 894 1284 958 qui
1316 894 1540 944 meritam
1573 894 1647 944 dis
1672 894 1758 943 im-

34 1001 74 1022 10
94 973 378 1022 mortalibus
402 972 607 1035 gratiam
631 973 769 1022 iustis
788 973 1059 1022 honoribus
1084 983 1134 1023 et
1158 975 1364 1023 memori
1389 984 1555 1024 mente
1578 976 1759 1038 persol-

94 1055 250 1102 vunt?
298 1067 425 1114 quae
460 1062 625 1116 potest
662 1069 767 1101 esse
792 1053 921 1102 vitae
953 1053 1230 1102 iucunditas
1264 1055 1466 1104 sublatis
1494 1055 1758 1105 amicitiis?

91 1149 218 1194 quae
259 1149 404 1196 porro
442 1132 657 1181 amicitia
696 1142 861 1195 potest
897 1150 1004 1182 esse
1050 1133 1176 1182 inter
1217 1134 1470 1197 ingratos?
1539 1136 1648 1198 quis
1684 1146 1758 1185 est
1781 1137 1843 1185 81

91 1222 311 1261 nostrum
345 1212 608 1262 liberaliter
643 1214 879 1262 educatus
917 1213 998 1262 cui
1043 1230 1146 1262 non
1193 1216 1499 1275 educatores,
1540 1215 1620 1263 cui
1655 1233 1759 1265 non

91 1294 307 1357 magistri
348 1293 423 1342 sui
454 1303 606 1356 atque
638 1295 877 1355 doctoreS,
906 1295 984 1343 cui
1019 1312 1122 1344 non
1153 1296 1292 1344 locus
1325 1295 1432 1358 ipse
1464 1306 1627 1345 mutus
1660 1297 1755 1358 ille,

35 1403 75 1434 ις
94 1375 178 1423 ubi
212 1373 355 1422 alitus
392 1383 477 1422 aut
509 1375 684 1423 doctus
717 1383 804 1434 est,
832 1391 944 1423 cum
969 1383 1106 1438 grata
1137 1375 1475 1424 recordatione
1508 1375 1558 1423 in
1591 1386 1759 1424 mente

90 1458 336 1506 versetur?
371 1455 506 1505 cuius
523 1473 642 1519 opes
661 1466 826 1505 tantae
847 1473 952 1506 esse
967 1465 1176 1519 possunt
1191 1465 1277 1505 aut
1294 1473 1529 1519 umquam
1547 1458 1755 1518 fuerunt,

91 1555 219 1602 quae
259 1538 364 1587 sine
399 1540 664 1588 multorum
700 1539 970 1588 amicorum
1007 1538 1178 1587 officiis
1214 1548 1339 1588 stare
1371 1539 1597 1602 possint-P
1632 1555 1759 1602 quae

91 1629 221 1669 certe
246 1621 438 1669 sublata
460 1620 697 1669 memoria
721 1630 769 1669 et
791 1620 944 1683 gratia
975 1621 1111 1668 nulla
1143 1629 1332 1668 exstare
1355 1629 1573 1683 possunt.
1627 1619 1759 1683 equi-

93 1701 209 1749 dem
234 1699 354 1748 nihil
378 1709 478 1748 tam
510 1700 762 1763 proprium
792 1699 1006 1748 hominis
1039 1698 1265 1748 existimo
1299 1716 1447 1761 quam
1477 1716 1579 1748 non
1603 1700 1758 1748 modo

34 1814 75 1836 20
93 1779 353 1837 beneficio,
396 1781 484 1828 sed
519 1778 666 1827 etiam
706 1779 1081 1829 benevolentiae
1124 1778 1477 1842 significatione
1523 1779 1755 1843 adligari3

94 1861 213 1909 nihil
237 1877 381 1924 porro
405 1869 507 1909 tam
530 1859 867 1920 inhumanum,
896 1870 998 1910 tam
1029 1860 1260 1919 immane,
1287 1870 1391 1909 tam
1422 1863 1579 1910 ferum
1605 1879 1756 1925 quam

93 1943 400 1992 committere
425 1951 478 1990 ut
502 1942 744 1991 beneficio
769 1959 871 1990 non
897 1942 1059 1991 dicam
1084 1941 1329 2004 indignus,
1357 1943 1446 1991 sed
1468 1941 1625 1991 victus
1651 1959 1758 1992 esse

90 2026 299 2073 videare.
391 2040 518 2087 quae
554 2040 669 2072 cum
704 2023 772 2072 ita
807 2014 917 2082 sint,
955 2023 1054 2072 iam
1090 2025 1423 2082 succumbam,
1464 2023 1756 2084 Laterensis,
1781 2029 1844 2076 82

91 2105 171 2155 isti
206 2115 292 2155 tuo
327 2105 530 2164 crimini,
557 2122 737 2168 meque
772 2105 824 2154 in
859 2122 919 2155 eo
950 2105 1074 2168 ipso,
1099 2105 1151 2153 in
1184 2122 1284 2168 quo
1315 2106 1436 2154 nihil
1460 2116 1623 2169 potest
1651 2123 1759 2156 esse

34 2215 74 2246 25
94 2186 315 2246 nimium,
344 2187 579 2250 quoniam
604 2186 671 2235 ita
696 2197 748 2235 tu
771 2185 858 2247 vis,
885 2187 1092 2235 nimium
1116 2196 1307 2250 gratum
1334 2203 1441 2235 esse
1467 2189 1755 2247 concedam,

92 2277 358 2331 petamque
383 2286 412 2317 a
434 2268 590 2327 vobis,
617 2268 818 2329 iudices,
844 2277 899 2318 ut
931 2285 1042 2318 eum
1066 2266 1310 2318 beneficio
1343 2268 1756 2331 complectamini,

95 2365 243 2411 quem
269 2347 352 2412 qui
376 2348 702 2412 reprehendit,
729 2348 781 2397 in
805 2365 866 2398 eo
889 2347 1216 2412 reprehendit,
1244 2349 1380 2411 quod
1407 2357 1597 2411 gratum
1623 2366 1759 2411 prae-

94 2437 168 2478 ter
201 2430 405 2478 modum
442 2430 574 2479 dicat
609 2446 728 2478 esse.
801 2446 963 2492 neque
989 2428 1119 2478 enim
1152 2428 1274 2477 illud
1306 2429 1367 2477 ad
1402 2430 1759 2492 neglegendam

94 2525 258 2557 meam
289 2509 492 2573 gratiam
531 2510 678 2560 debet
713 2511 888 2570 valere,
915 2510 1048 2572 quod
1086 2509 1206 2557 dixit
1242 2509 1390 2567 idem,
1424 2525 1511 2556 vos
1548 2525 1642 2557 nec
1676 2525 1762 2558 no-

37 2589 252 2650 30centis
289 2605 382 2639 nec
423 2588 662 2652 litigiosos
703 2605 823 2648 esse,
862 2605 961 2652 quo
997 2589 1160 2637 minus
1196 2605 1276 2638 me
1311 2588 1444 2650 apud
1475 2604 1563 2636 vos
1599 2589 1760 2639 valere

97 2679 362 2734 oporteret:
401 2670 540 2732 quasi
563 2685 678 2718 vero
703 2668 754 2717 in
778 2668 992 2718 amicitia.
1022 2686 1135 2718 mea
1164 2685 1267 2717 non
1291 2669 1415 2717 haec
1438 2667 1692 2732 praesidia,
1720 2670 1761 2717 si

97 2767 224 2813 quae
248 2751 371 2799 forte
396 2758 511 2798 sunt
533 2749 585 2797 in
616 2766 711 2809 me,
738 2758 907 2812 parata
939 2765 1134 2813 semper
1163 2748 1333 2797 amicis
1367 2765 1473 2798 esse
1503 2748 1760 2798 maluerim

98 2846 246 2894 quam
282 2829 568 2880 necessaria.
639 2829 824 2881 etenim
856 2847 948 2895 ego
974 2831 1037 2880 de
1061 2847 1142 2879 me
1166 2838 1359 2879 tantum
1386 2830 1553 2879 audeo
1579 2829 1758 2889 dicere,

241 2937 302 2980 H.
1587 2938 1615 2991 3
