2046 3112
144 123 222 171 1x
247 118 331 188 23]
467 120 620 171 PRO
670 119 781 170 CN.
816 119 1152 170 PLANCIO
1203 117 1484 170 ORATIO
1783 134 1811 181 9

141 231 279 282 omni
301 229 479 281 virtute
502 229 737 294 principe,
765 246 884 279 num
909 230 973 279 de
997 229 1073 279 Ti.
1094 229 1409 279 Coruncanio
1433 228 1683 294 municipe
1707 246 1811 292 su0,

140 328 261 361 num
286 313 349 361 de
373 320 448 360 tot
465 310 651 360 Fulviis
674 311 898 375 gloriari?
929 313 1135 360 verbum
1160 327 1310 359 nemo
1329 309 1458 359 facit.
1509 319 1559 358 at
1578 310 1629 358 in
1649 327 1815 373 quem-

140 406 354 454 cumque
379 390 671 454 Arpinatem
703 390 948 451 incideris,
984 390 1133 439 etiarn
1166 390 1207 439 si
1239 390 1379 451 nolis,
1409 389 1498 439 erit
1529 398 1697 439 tamen
1725 391 1815 441 tibi

138 473 343 521 fortasse
380 471 529 520 etiam
562 473 626 521 de
662 471 806 520 nobis
835 471 1039 535 aliquid,
1067 474 1157 522 sed
1192 482 1324 522 certe
1360 474 1423 522 de
1450 473 1506 522 C.
1537 472 1698 522 Mario
1733 490 1818 522 au-

98 577 117 608 5
140 551 391 601 diendum.
453 551 668 615 primum
692 551 836 615 igitur
859 552 940 600 hic
964 552 1138 601 habuit
1161 552 1326 601 studia
1352 568 1554 601 suorum
1573 551 1813 614 ardentia,

138 642 191 682 tu
225 642 378 693 tanta,
406 641 592 696 quanta
621 632 675 681 in
698 633 984 682 hominibus
1019 633 1119 682 iam
1154 632 1380 682 saturatis
1404 632 1674 682 honoribus
1707 650 1814 684 esse

136 723 416 778 potuerunt.
502 714 685 765 deinde
722 714 794 763 tui
829 714 1104 778 municipes
1146 724 1260 764 sunt
1297 715 1367 763 illi
1406 714 1610 777 quidem
1655 716 1815 778 splen·
1837 720 1900 767 21

137 795 382 846 didissimi
405 796 649 857 homines,
677 797 766 846 sed
790 805 959 845 tamen
982 796 1144 860 pauci,
1172 796 1213 846 si
1238 795 1442 860 quidem
1467 813 1583 845 cum
1606 796 1816 845 Atinati-

134 878 228 927 bus
252 879 596 927 conferantur:
621 878 765 927 huius
790 880 1097 941 praefectura
1119 879 1270 941 plena
1291 877 1505 928 virorum
1528 877 1815 928 fortissimo-

75 982 114 1004 10
135 974 244 1006 rum
269 967 356 1019 est,
379 959 449 1007 sic
473 968 527 1007 ut
550 960 687 1007 nulla
711 967 817 1007 tota
841 957 986 1006 Italia
1008 958 1312 1020 frequentior
1334 957 1432 1006 dici
1456 957 1613 1021 possit
1621 975 1635 1019 3
1661 972 1813 1019 quarn

135 1039 338 1103 quidem
374 1056 507 1088 nunc
543 1038 911 1088 multitudinem
946 1038 1139 1099 videtis,
1176 1038 1380 1098 iudices,
1412 1039 1465 1087 in
1501 1041 1728 1102 squalore
1764 1050 1813 1089 et

134 1123 271 1171 luctu
307 1122 581 1185 supplicem
615 1122 771 1171 vobis.
843 1120 895 1169 hi
929 1129 1004 1170 tot
1040 1121 1232 1184 equites
1258 1121 1492 1182 Romani,
1519 1130 1594 1171 tot
1629 1122 1812 1172 tribuni

134 1204 488 1254 aerarii—nam
523 1205 720 1268 plebem
752 1221 783 1253 a
813 1203 1000 1253 iudicio
1033 1204 1324 1264 dimisimus,
1353 1221 1481 1267 quae
1517 1213 1698 1252 cuncta
1732 1220 1814 1254 co-

132 1285 283 1335 mitiis
314 1286 551 1348 adfuit-—,
580 1286 703 1350 quid
739 1285 941 1347 roboris,
969 1284 1091 1348 quid
1121 1284 1373 1348 dignitatis
1407 1284 1550 1333 huius
1582 1285 1812 1348 petitioni

73 1392 113 1423 15
134 1368 402 1415 attulerunt
417 1368 440 1415 Ρ
491 1383 594 1415 non
620 1365 754 1415 enim
778 1365 963 1414 tribum
987 1365 1290 1426 Teretinam,
1311 1366 1376 1415 de
1402 1382 1498 1428 qua
1523 1365 1687 1414 dicam
1711 1365 1810 1415 alio

132 1447 261 1506 loco,
289 1449 378 1497 sed
414 1447 718 1511 dignitatem,
747 1447 835 1496 sed
864 1448 1121 1496 oculorum
1154 1446 1452 1507 coniectum,
1478 1448 1568 1496 sed
1600 1447 1811 1496 solidam

133 1536 184 1576 et
217 1524 474 1576 robustam
503 1537 552 1577 et
584 1527 843 1576 adsiduam
875 1528 1200 1591 frequentiam
1238 1530 1596 1591 praebuerunt:
1643 1538 1812 1577 nostra

133 1608 401 1671 municipia
424 1608 776 1658 coniunctione
809 1608 959 1657 etiam
983 1608 1247 1657 vicinitatis
1271 1609 1590 1658 vehementer
1611 1623 1813 1658 moven—

132 1699 222 1738 tur.
296 1692 374 1739 IX
423 1690 606 1751 omnia,
647 1706 774 1754 quae
817 1689 931 1739 dico
973 1691 1038 1739 de
1074 1689 1294 1749 Plancio,
1332 1689 1448 1738 dico
1486 1697 1712 1752 expertus
1758 1688 1811 1736 in
1835 1689 1898 1736 22

69 1797 111 1820 20
132 1771 276 1821 nobis
292 1791 308 1834 3
348 1788 518 1821 sumus
564 1771 698 1822 enim
738 1771 933 1820 finitimi
967 1770 1263 1820 Atinatibus.
1337 1771 1590 1820 laudanda
1623 1779 1697 1819 est
1731 1773 1811 1820 vel

133 1854 282 1904 etiam
313 1855 530 1925 amanda
551 1853 791 1915 vicinitas,
825 1853 1041 1903 retinens
1073 1863 1292 1903 veterem
1319 1852 1456 1901 illam
1486 1852 1635 1902 officii
1667 1853 1811 1902 ratio-

130 1952 262 1995 nem,
281 1953 385 1986 non
404 1936 644 1985 infuscata
661 1935 1024 1995 malevolentia,
1041 1951 1146 1983 non
1170 1937 1378 1985 adsueta
1400 1934 1687 1995 mendaciis,
1706 1951 1809 1984 non

129 2020 313 2078 fucosa,
339 2033 443 2066 non
467 2018 626 2080 fallax,
655 2034 759 2066 non
784 2017 976 2067 erudita
1010 2017 1215 2067 artificio
1247 2017 1572 2067 simulationis
1596 2018 1675 2066 vel
1699 2017 1810 2066 sub-

129 2101 320 2149 urbano
342 2099 422 2149 vel
457 2098 606 2147 etiam
640 2100 844 2149 urbano.
915 2114 1068 2148 nemo
1091 2098 1304 2161 Arpinas
1340 2115 1443 2149 non
1469 2097 1675 2147 Plancio
1709 2106 1808 2146 stu-

70 2208 109 2237 25
130 2181 251 2243 duit,
277 2197 428 2230 nemo
457 2182 686 2240 Soranus,
711 2197 861 2230 nemo
887 2180 1110 2241 Casinas,
1136 2197 1286 2230 nemo
1310 2180 1546 2244 Aquinas.
1621 2189 1806 2230 tractus

128 2261 212 2310 ille
246 2260 607 2321 celeberrimus,
631 2262 958 2322 Venafranus,
985 2262 1240 2321 Allifanus,
1268 2270 1374 2310 tota
1398 2261 1615 2324 denique
1639 2270 1808 2310 nostra

129 2338 213 2388 illa
243 2354 417 2401 aspera
450 2347 501 2388 et
532 2347 798 2387 montuosa
831 2347 881 2388 et
913 2338 1073 2388 fidelis
1105 2348 1155 2388 et
1187 2339 1397 2402 simplex
1421 2348 1470 2388 et
1493 2339 1668 2388 fautrix
1699 2355 1808 2388 suo-

128 2436 238 2469 rum
273 2419 407 2483 regio
443 2435 496 2468 se
530 2418 676 2467 huius
709 2419 899 2469 honore
934 2419 1110 2479 ornari,
1137 2435 1190 2469 se
1224 2420 1390 2482 augeri
1422 2419 1660 2482 dignitate
1683 2419 1807 2468 arbi—

128 2501 358 2550 trabatur.
409 2499 669 2562 isdemque
701 2515 835 2548 nune
861 2516 925 2549 ex
959 2499 1239 2563 municipiis
1273 2501 1454 2549 adsunt
1489 2500 1680 2562 equites
1704 2503 1806 2550 Ro-

65 2608 108 2640 30
129 2581 264 2630 mani
287 2580 485 2644 publice
509 2597 622 2629 cum
654 2581 901 2644 legatione
933 2591 982 2631 et
1014 2581 1316 2640 testimonio,
1344 2598 1437 2631 nec
1456 2581 1646 2632 minore
1670 2599 1805 2633 nunc

129 2672 244 2712 sunt
279 2662 609 2712 sollicitudine
645 2679 796 2726 quarn
830 2672 938 2712 tum
973 2673 1112 2714 erant
1148 2663 1342 2713 studio:
1379 2663 1563 2714 etenim
1598 2674 1673 2714 est
1702 2682 1806 2729 gra-

128 2743 236 2792 vius
273 2742 471 2806 spoliari
503 2744 711 2793 fortunis
748 2760 898 2806 quarn
933 2761 1037 2794 non
1072 2743 1239 2807 augeri
1276 2744 1530 2807 dignitate.
1602 2762 1718 2809 ergo
1749 2755 1802 2795 ut
1827 2749 1891 2797 23

129 2822 225 2872 alia
257 2823 310 2872 in
349 2832 398 2873 te
436 2833 574 2874 erant
619 2823 912 2886 inlustriora,
958 2823 1252 2887 LaterensiS,
1296 2840 1424 2888 quae
1461 2823 1551 2875 tibi
1590 2826 1800 2877 maiores
