2046 3112
221 166 252 206 4
653 147 731 196 M.
775 149 998 197 TVLLI
1046 147 1450 199 CICERONIS
1723 146 1829 216 [ΙΙΙ
1856 151 1886 198 8

219 254 323 316 tuit,
350 271 381 303 a
402 253 648 305 iudicibus
681 256 1092 305 condemnandus
1126 265 1200 306 est
1231 256 1317 319 qui
1348 258 1637 320 praeteritus
1666 276 1767 310 non
1796 268 1883 310 est.

217 352 332 384 narn
368 335 408 385 si
442 336 511 386 ita
545 346 686 396 esset,
726 338 863 400 quod
898 346 1060 400 patres
1091 339 1225 401 apud
1258 338 1469 388 maiores
1500 350 1696 390 nostros
1720 350 1888 391 tenere

216 431 320 463 non
372 425 653 478 potuerunt,
702 426 757 465 ut
814 418 1191 479 reprehensores
1248 427 1411 466 essent
1458 419 1789 478 comitiorum,
1835 419 1889 468 id

214 496 456 545 haberent
490 495 694 556 iudices,
730 497 809 544 vel
846 497 982 559 quod
1017 498 1174 545 multo
1212 497 1359 545 etiam
1395 498 1558 547 minus
1586 509 1714 549 esset
1736 501 1891 549 feren-

216 577 366 635 dum3
412 585 516 625 tum
553 576 686 625 enim
722 577 1059 639 magistratum
1094 593 1197 626 non
1231 578 1433 639 gerebat
1464 578 1520 638 is,
1557 579 1643 642 qui
1676 589 1888 643 ceperat,
1934 607 1953 639 5

216 655 257 705 si
290 665 451 719 patres
484 665 709 705 auctores
742 673 844 704 non
880 665 1018 704 erant
1045 657 1160 704 facti
1177 674 1191 717 3
1226 673 1360 705 nunc
1381 660 1656 720 postulatur
1680 676 1709 708 a
1730 659 1886 719 vobis,

215 746 270 786 ut
316 737 421 785 eius
470 736 634 798 exitio,
677 736 761 799 qui
808 745 999 785 creatus
1046 736 1122 797 sit,
1169 736 1406 786 iudicium
1451 740 1623 802 populi
1671 741 1890 790 Romani

213 818 596 881 reprehendatis.
681 817 849 881 itaque
905 835 1207 881 quamquam
1254 835 1353 882 qua
1401 821 1538 869 nolui
1587 821 1737 870 ianua
1780 839 1890 871 sum

215 899 459 962 ingressus
493 899 546 947 in
580 916 793 959 causam,
832 916 1026 962 sperare
1060 899 1232 948 videor
1270 909 1462 949 tantum
1500 903 1742 950 afuturam
1782 918 1891 952 esse

216 981 490 1029 orationem
527 997 692 1030 meam
728 998 758 1030 a
791 981 995 1030 minima
1030 981 1312 1044 suspicione
1348 983 1632 1034 offensionis
1672 992 1800 1044 tuae,
1840 993 1890 1032 te
1914 1009 1955 1030 10

215 1071 271 1111 ut
309 1061 473 1125 potius
514 1062 784 1124 obiurgem,
827 1063 965 1124 quod
1011 1061 1238 1124 iniquum
1278 1061 1330 1110 in
1367 1062 1634 1111 discrimen
1671 1064 1890 1113 adducas

215 1141 505 1206 dignitatern
542 1151 690 1203 tuam,
726 1158 874 1204 quam
909 1150 965 1190 ut
1001 1158 1111 1190 eam
1147 1158 1239 1204 ego
1274 1143 1375 1190 ulla
1408 1143 1707 1192 contumelia
1742 1161 1892 1193 coner

163 1231 192 1277 9
215 1223 465 1286 attingere.
538 1224 616 1271 IV
650 1231 703 1271 tu
739 1222 1114 1283 continentiam,
1150 1231 1206 1272 tu
1241 1221 1548 1284 industriam,
1578 1233 1632 1273 tu
1668 1224 1889 1273 animum

149 1323 153 1328 ·
215 1305 269 1354 in
312 1322 417 1354 rem
453 1304 719 1368 publicam,
762 1314 817 1353 tu
856 1304 1101 1364 virtutem,
1141 1313 1196 1353 tu
1235 1304 1587 1366 innocentiam,
1627 1315 1682 1354 tu
1720 1307 1888 1366 fidem,

216 1394 271 1434 tu
287 1387 478 1435 labores
504 1395 628 1445 tuos,
651 1386 787 1448 quod
802 1385 974 1435 aedilis
999 1402 1101 1434 non
1127 1385 1191 1434 sis
1206 1387 1376 1447 factus,
1403 1388 1586 1435 fractos
1610 1403 1719 1436 esse
1744 1397 1792 1436 et
1807 1389 1890 1436 ab·
1913 1414 1951 1443 15

215 1466 369 1516 iectos
385 1475 434 1516 et
456 1467 738 1529 repudiatos
756 1475 898 1529 putas
912 1469 936 1515 ?
968 1466 1084 1515 vide
1099 1467 1315 1527 tandem,
1336 1467 1631 1527 Laterensis,
1649 1477 1888 1530 quantum

219 1563 310 1611 ego
333 1564 364 1595 a
386 1556 436 1596 te
467 1547 768 1596 dissentiam.
830 1546 883 1606 si,
910 1563 990 1595 me
1016 1546 1126 1595 dius
1149 1546 1308 1605 fidius,
1336 1548 1511 1596 decem
1535 1547 1627 1595 soli
1650 1557 1814 1596 essent
1836 1547 1889 1596 in

218 1627 413 1675 civitate
447 1626 536 1675 viri
573 1626 708 1687 boni,
746 1625 1008 1688 sapientes,
1046 1625 1173 1686 iusti,
1208 1642 1393 1688 graves,
1432 1626 1518 1688 qui
1553 1635 1602 1675 te
1633 1625 1888 1690 indignum

216 1707 465 1756 aedilitate
502 1706 866 1767 iudicavissent,
908 1707 1100 1770 gravius
1139 1707 1204 1755 de
1240 1716 1290 1755 te
1337 1707 1608 1756 iudicatum
1645 1716 1887 1770 putarem,

218 1804 367 1850 quam
402 1796 475 1836 est
509 1788 619 1848 hoc,
647 1789 785 1851 quod
820 1796 874 1836 tu
909 1787 1088 1836 metuis
1116 1803 1182 1835 ne
1205 1804 1235 1835 a
1257 1789 1444 1850 populo
1475 1787 1747 1836 iudicatum
1779 1804 1888 1837 esse
1911 1814 1954 1835 20

216 1868 452 1918 videatur.
523 1884 626 1916 non
661 1868 793 1917 enim
828 1867 1040 1916 comitiis
1078 1867 1265 1916 iudicat
1302 1884 1499 1930 semper
1533 1870 1762 1931 populus,
1799 1870 1888 1917 sed

217 1959 443 1998 movetur
487 1950 777 2012 plerumque
822 1948 989 2012 gratia,
1045 1949 1178 1998 cedit
1224 1949 1454 2012 precibus
1471 1968 1486 2011 3
1549 1950 1664 1999 facit
1710 1966 1808 2010 eos,
1858 1967 1888 1999 a

219 2030 398 2093 quibus
431 2039 504 2078 est
535 2030 750 2079 maxime
782 2029 998 2078 ambitus
1015 2046 1029 2089 3
1065 2029 1296 2092 denique,
1324 2029 1472 2078 etiam
1497 2030 1538 2079 si
1560 2030 1758 2089 iudicat,
1785 2047 1888 2079 non

217 2112 402 2161 dilectu
436 2111 603 2173 aliquo
634 2121 718 2160 aut
749 2111 989 2174 sapientia
1022 2110 1218 2159 ducitur
1241 2112 1306 2160 ad
1329 2111 1664 2172 iudicandum,
1691 2113 1779 2160 sed
1802 2111 1888 2159 im-

216 2202 335 2256 petu
363 2209 741 2255 nonnumquam
774 2202 823 2242 et
860 2194 1078 2255 quadam
1116 2193 1263 2241 etiam
1295 2193 1581 2242 temeritate.
1669 2209 1772 2242 non
1813 2202 1888 2241 est
1910 2219 1950 2250 :³5

218 2273 350 2321 enirn
375 2272 634 2321 consilium
658 2273 710 2320 in
733 2274 895 2336 volgo,
923 2289 1026 2320 non
1050 2273 1188 2332 ratio,
1215 2289 1319 2321 non
1346 2272 1622 2332 discrimen,
1649 2289 1752 2321 non
1783 2273 1888 2321 dili-

218 2353 384 2418 gentia
391 2373 405 2416 3
433 2370 723 2417 semperque
739 2353 984 2416 sapientes
1001 2370 1070 2414 ea,
1084 2370 1211 2416 quae
1225 2355 1438 2416 populus
1453 2354 1659 2415 fecisset,
1669 2355 1884 2413 ferenda,

217 2450 321 2482 non
362 2450 556 2496 semper
589 2435 842 2482 laudanda
876 2435 1132 2482 duxerunt.
1218 2449 1317 2495 qua
1350 2450 1402 2482 re
1437 2449 1551 2481 cum
1585 2443 1634 2482 te
1674 2435 1885 2483 aedilem

218 2513 323 2562 fieri
359 2513 635 2575 oportuisse
669 2513 808 2572 dicis,
845 2514 1015 2576 populi
1052 2515 1264 2575 culpam,
1301 2529 1403 2561 non
1440 2512 1775 2576 competitoris
1808 2531 1886 2562 ac·

134 2598 196 2645 10
222 2610 375 2642 cusas.
430 2603 485 2643 ut
509 2593 656 2643 fueris
680 2594 874 2656 dignior
898 2610 1046 2656 quam
1073 2594 1438 2642 Plancius—de
1463 2610 1562 2656 quo
1586 2594 1695 2656 ipso
1720 2603 1884 2643 tecum
1907 2619 1950 2648 30

218 2673 290 2722 ita
312 2675 610 2723 contendam
634 2676 781 2737 paulo
806 2683 932 2737 post,
958 2684 1012 2723 ut
1044 2690 1334 2723 conservem
1367 2673 1655 2736 dignitatem
1679 2684 1885 2723 tuam—

221 2756 310 2804 sed
342 2765 397 2804 ut
431 2755 576 2805 fueris
607 2755 815 2819 dignior,
846 2772 949 2804 non
985 2755 1292 2817 competitor,
1319 2770 1349 2801 a
1378 2770 1478 2816 quo
1511 2771 1562 2803 es
1594 2754 1766 2815 victus,
1793 2758 1883 2806 sed

218 2835 446 2896 populus,
471 2850 502 2883 a
532 2851 633 2897 quo
664 2851 717 2884 es
756 2833 1060 2897 praeteritus,
1094 2834 1146 2883 in
1185 2836 1330 2898 culpa
1369 2842 1455 2883 est.
1527 2834 1580 2882 in
1618 2850 1718 2897 quo
1755 2834 1882 2885 illud

2039 412 2046 524 -n—
2040 359 2046 400 *-
