2046 3112
230 151 290 196 32
650 133 725 181 M.
771 133 998 181 TVLLI
1039 132 1447 182 CICERONIS
1563 130 1786 199 [XXXII
1816 147 1873 195 77

229 241 443 302 Plancio,
479 258 750 305 numquam
787 240 1086 290 dissimulavi
1123 257 1204 289 me
1238 239 1502 303 plurimum
1544 241 1725 291 debere
1759 257 1881 290 sem-

227 341 412 388 perque
460 326 760 386 praeferam:
813 325 971 371 nullas
1022 323 1152 371 enim
1205 322 1297 371 sibi
1345 322 1424 372 ine
1471 340 1633 386 neque
1682 334 1883 373 conten-

227 405 384 454 tiones
423 419 582 466 neque
619 403 895 452 inimicitias
934 420 1095 465 neque
1132 402 1260 451 vitae
1294 402 1635 452 dimicationes
1671 421 1764 453 nec
1793 421 1882 467 pro

227 501 278 533 re
302 484 499 547 publica
531 500 623 532 nec
655 500 743 546 pro
774 500 855 531 me
888 483 1209 546 defugiendas
1233 482 1435 544 putavit.
1507 493 1656 546 atque
1679 484 1880 542 utinam,

229 580 379 626 quarn
411 580 501 626 ego
538 579 645 610 sum
675 562 727 609 in
758 562 893 609 illum
926 571 1102 624 gratus,
1130 570 1231 609 tam
1264 560 1479 610 licuisset
1510 577 1597 624 per
1627 562 1882 611 hominum
1930 588 1948 615 5

229 645 327 693 vim
358 654 405 692 et
436 643 658 691 iniuriam
693 644 878 706 populo
911 645 1143 691 Romano
1167 641 1212 691 ei
1235 641 1438 704 gratiam
1461 644 1665 692 referre!
1722 645 1810 692 sed
1845 644 1885 691 si

231 741 332 772 non
356 725 529 772 eadem
555 723 808 771 contendit
833 721 1154 770 intribunatu
1174 721 1416 781 Plancius,
1438 721 1709 772 existimare
1733 723 1884 772 debes

231 823 330 854 non
371 806 483 854 huic
519 805 823 853 voluntatem
866 803 1091 862 defuisse,
1137 804 1225 851 sed
1262 820 1355 863 me,
1396 819 1512 851 cum
1558 813 1747 852 tantum
1787 804 1884 852 iam

146 887 208 933 '78
233 885 431 933 Plancio
467 886 713 944 deberem,
757 884 935 931 Racilii
970 883 1219 932 beneficiis
1258 883 1407 931 fuisse
1448 893 1749 932 contentum.
1821 901 1885 933 an

187 983 190 987 ’
230 983 345 1015 vero
380 975 522 1028 putas
556 964 738 1014 idcirco
773 965 933 1014 minus
966 965 1152 1013 iudices
1185 981 1296 1013 mea
1327 982 1475 1014 causa
1498 967 1722 1024 facturos,
1749 969 1884 1029 quod
1911 994 1949 1014 10

231 1063 310 1095 me
345 1063 451 1094 esse
485 1055 675 1108 gratum
710 1045 1012 1094 crimineris?
1058 1062 1135 1105 an,
1162 1062 1276 1093 curn
1310 1055 1472 1109 patres
1507 1035 1772 1109 conscripti
1803 1047 1886 1095 illo

233 1137 428 1176 senatus
452 1128 692 1184 consulto,
713 1127 847 1188 quod
872 1126 922 1174 in
946 1136 1271 1175 monumento
1298 1126 1444 1174 Marii
1467 1128 1650 1175 facturn
1675 1137 1762 1187 est,
1789 1144 1887 1190 quo

233 1225 344 1257 mea
400 1209 526 1255 salus
585 1208 814 1256 omnibus
861 1217 935 1257 est
979 1208 1205 1271 gentibus
1253 1209 1612 1268 commendata,
1662 1208 1748 1257 uni
1796 1210 1884 1258 Cn.

235 1287 436 1335 Plancio
459 1285 635 1349 gratias
661 1286 1036 1349 egerint—unus
1071 1287 1202 1335 enim
1226 1287 1315 1335 fuit
1341 1289 1404 1336 de
1427 1288 1786 1350 magistratibus
1809 1289 1890 1336 de-

233 1368 396 1415 fensor
433 1366 598 1415 salutis
639 1383 778 1415 meae
797 1367 958 1415 z—cui
992 1376 1188 1415 senatus
1223 1383 1314 1430 pro
1347 1384 1428 1416 me
1459 1367 1636 1431 gratias
1671 1370 1888 1431 agendas
1915 1393 1951 1421 15

235 1448 437 1511 putavit,
490 1448 535 1496 ei
582 1465 673 1511 ego
719 1465 749 1496 a
795 1465 874 1497 me
919 1450 1224 1498 referendam
1281 1450 1484 1513 gratiam
1533 1467 1636 1498 non
1684 1453 1890 1513 putem?

235 1538 380 1591 atque
415 1531 537 1578 haec
571 1547 683 1578 cum
707 1530 860 1589 videS,
886 1546 987 1592 quo
1021 1547 1102 1580 me
1138 1532 1339 1580 tandem
1374 1531 1427 1579 in
1461 1541 1511 1580 te
1546 1531 1713 1580 animo
1748 1542 1891 1594 putas

236 1627 354 1668 esse,
383 1611 686 1660 Laterensis?
726 1614 1021 1661 ullumesse
1056 1622 1249 1661 tantum
1283 1612 1568 1676 periculum,
1604 1622 1793 1662 tantum
1828 1614 1895 1661 la-

237 1692 419 1751 borem,
468 1702 654 1740 tantam
701 1693 1071 1742 contentionem
1123 1710 1272 1756 quarn
1319 1709 1411 1756 ego
1457 1710 1560 1742 non
1606 1694 1758 1742 modo
1804 1709 1893 1756 pro

237 1774 391 1821 salute
415 1783 510 1831 tua,
540 1775 628 1822 sed
653 1774 800 1823 etiam
824 1792 912 1837 pro
938 1775 1175 1838 dignitate
1201 1774 1500 1838 defugerim?
1568 1791 1668 1837 quo
1692 1774 1892 1837 quidem
1915 1800 1956 1820 20

237 1853 385 1902 etiam
416 1854 568 1918 magis
605 1873 714 1904 sum
749 1873 851 1905 non
888 1856 1047 1905 dicam
1083 1857 1411 1905 miser—nam
1446 1857 1542 1905 hoc
1577 1856 1779 1919 quidem
1814 1858 1897 1904 ab·

237 1936 399 1983 horret
440 1951 470 1982 a
505 1935 679 1985 virtute
718 1938 1004 1996 verbum—-,
1054 1938 1140 1985 sed
1181 1946 1311 1986 certe
1347 1937 1599 1996 exercitus,
1643 1953 1745 1985 non
1780 1937 1897 1999 quia

237 2014 402 2063 multis
440 2016 775 2066 debeo—leve
821 2017 952 2066 enim
989 2027 1063 2066 est
1098 2033 1223 2066 onus
1269 2017 1497 2065 beneficii
1536 2016 1770 2079 gratia—,
1808 2018 1897 2066 sed

238 2095 354 2158 quia
399 2113 544 2159 saepe
591 2108 887 2147 concurrunt
936 2098 1163 2161 propriae
1210 2097 1484 2160 aliquorum
1532 2099 1660 2146 bene
1707 2099 1771 2147 de
1816 2115 1896 2146 me

239 2176 521 2225 meritorum
557 2176 682 2226 inter
715 2178 851 2241 ipsos
889 2179 1247 2236 contentiones,
1282 2188 1337 2227 ut
1372 2179 1552 2226 eodem
1587 2188 1810 2241 tempore
1845 2178 1895 2225 in
1918 2201 1957 2230 25

241 2257 401 2306 omnis
423 2274 589 2306 verear
611 2276 674 2308 ne
698 2259 778 2307 vix
801 2259 988 2322 possim
1012 2268 1175 2321 gratus
1199 2258 1361 2307 videri.

156 2341 217 2388 ¹79
341 2338 439 2385 Sed
476 2337 600 2386 haec
636 2354 728 2401 ego
763 2339 885 2387 meis
919 2338 1221 2401 ponderibus
1257 2337 1564 2396 examinabo,
1602 2354 1703 2386 non
1737 2339 1895 2386 solum

242 2415 360 2477 quid
384 2417 558 2479 cuique
583 2418 806 2476 debeam,
834 2421 922 2467 sed
947 2419 1092 2467 etiam
1112 2419 1230 2481 quid
1251 2419 1485 2481 cuiusque
1508 2418 1696 2467 intersit
1714 2428 1762 2467 et
1777 2420 1897 2482 quid

241 2512 272 2543 a
307 2512 387 2544 me
422 2497 658 2559 cuiusque
701 2507 894 2559 tempus
936 2507 1120 2560 poscat.
1207 2499 1443 2544 XXXIII
1491 2497 1646 2558 agitur
1680 2499 1896 2546 studium

242 2584 379 2623 tuum
411 2577 491 2624 vel
526 2576 687 2634 etiam,
726 2576 766 2624 si
797 2576 885 2634 vis,
911 2576 1220 2634 existimatio,
1258 2578 1364 2624 laus
1399 2576 1680 2624 aedilitatis:
1716 2585 1767 2624 at
1802 2579 1892 2627 Cn.
1919 2599 1960 2631 33

244 2653 431 2702 Plancii
466 2656 592 2702 salus
633 2655 791 2717 patria
827 2656 1059 2703 fortunae.
1134 2657 1323 2703 salvum
1358 2665 1410 2703 tu
1445 2671 1524 2703 me
1560 2671 1666 2703 esse
1700 2655 1897 2718 cupisti:

242 2733 322 2780 hic
346 2732 459 2782 fecit
483 2733 628 2782 etiam
664 2746 719 2782 ut
749 2750 855 2783 esse
885 2751 1097 2797 possem.
1148 2733 1384 2782 distineor
1413 2742 1580 2782 tamen
1612 2743 1661 2782 et
1695 2735 1900 2783 divellor

245 2814 414 2863 dolore
444 2823 492 2863 et
524 2813 574 2862 in
603 2830 748 2862 causa
783 2813 963 2877 dispari
999 2813 1183 2863 offendi
1218 2823 1267 2862 te
1301 2829 1331 2861 a
1365 2830 1445 2863 me
1480 2815 1650 2864 doleo:
1685 2816 1788 2875 sed,
1815 2832 1895 2864 me
