<?xml version="1.0" encoding="UTF-8"?>
<!DOCTYPE html PUBLIC "-//W3C//DTD XHTML 1.0 Transitional//EN"
    "http://www.w3.org/TR/xhtml1/DTD/xhtml1-transitional.dtd">
<html xmlns="http://www.w3.org/1999/xhtml" xml:lang="en" lang="en">
 <head>
  <title>
</title>
<meta http-equiv="Content-Type" content="text/html;charset=utf-8" />
  <meta name='ocr-system' content='tesseract 3.04.00' />
  <meta name='ocr-capabilities' content='ocr_page ocr_carea ocr_par ocr_line ocrx_word'/>
</head>
<body>
  <div class='ocr_page' id='page_1' title='image "./proplanciolatin100ciceuoft/proplanciolatin100ciceuoft_0110.png"; bbox 0 0 2046 3112; ppageno 0'>
   <div class='ocr_carea' id='block_1_1' title="bbox 204 73 1863 143">
    <p class='ocr_par' dir='ltr' id='par_1_1' title="bbox 204 73 1863 143">
     <span class='ocr_line' id='line_1_1' title="bbox 204 73 1863 143; baseline -0.001 -18"><span class='ocrx_word' id='word_1_1' title='bbox 204 94 265 138; x_wconf 77' lang='lat'>42</span> <span class='ocrx_word' id='word_1_2' title='bbox 520 78 671 127; x_wconf 79' lang='lat' dir='ltr'>PRO</span> <span class='ocrx_word' id='word_1_3' title='bbox 712 78 820 127; x_wconf 75' lang='lat' dir='ltr'>CM</span> <span class='ocrx_word' id='word_1_4' title='bbox 858 77 1191 127; x_wconf 84' lang='lat' dir='ltr'><em>PLANCIO</em></span> <span class='ocrx_word' id='word_1_5' title='bbox 1238 77 1517 127; x_wconf 73' lang='lat' dir='ltr'><em>ORAZYO</em></span> <span class='ocrx_word' id='word_1_6' title='bbox 1570 73 1743 143; x_wconf 93' lang='lat' dir='ltr'><strong>[XLII</strong></span> <span class='ocrx_word' id='word_1_7' title='bbox 1773 92 1863 125; x_wconf 87' lang='lat'>102</span> 
     </span>
    </p>
   </div>
   <div class='ocr_carea' id='block_1_2' title="bbox 86 183 1972 1458">
    <p class='ocr_par' dir='ltr' id='par_1_2' title="bbox 86 183 1935 733">
     <span class='ocr_line' id='line_1_2' title="bbox 86 183 1865 249; baseline -0.001 -12"><span class='ocrx_word' id='word_1_8' title='bbox 86 190 179 237; x_wconf 88' lang='lat'>103</span> <span class='ocrx_word' id='word_1_9' title='bbox 203 195 363 249; x_wconf 78' lang='lat' dir='ltr'>patres</span> <span class='ocrx_word' id='word_1_10' title='bbox 402 187 735 249; x_wconf 80' lang='lat' dir='ltr'><strong>deprecamur.</strong></span> <span class='ocrx_word' id='word_1_11' title='bbox 810 185 976 245; x_wconf 89' lang='lat' dir='ltr'>nolite,</span> <span class='ocrx_word' id='word_1_12' title='bbox 1019 183 1223 246; x_wconf 79' lang='lat' dir='ltr'>iudiceS‚</span> <span class='ocrx_word' id='word_1_13' title='bbox 1262 201 1351 249; x_wconf 91' lang='lat' dir='ltr'>per</span> <span class='ocrx_word' id='word_1_14' title='bbox 1383 201 1486 246; x_wconf 88' lang='lat' dir='ltr'>vos,</span> <span class='ocrx_word' id='word_1_15' title='bbox 1523 201 1612 249; x_wconf 90' lang='lat' dir='ltr'>per</span> <span class='ocrx_word' id='word_1_16' title='bbox 1647 190 1865 236; x_wconf 76' lang='lat' dir='ltr'>fortunas</span> 
     </span>
     <span class='ocr_line' id='line_1_3' title="bbox 202 264 1862 330; baseline -0.001 -14"><span class='ocrx_word' id='word_1_17' title='bbox 202 273 401 326; x_wconf 87' lang='lat' dir='ltr'>vestras,</span> <span class='ocrx_word' id='word_1_18' title='bbox 441 283 530 330; x_wconf 89' lang='lat' dir='ltr'>per</span> <span class='ocrx_word' id='word_1_19' title='bbox 565 267 745 315; x_wconf 90' lang='lat' dir='ltr'>liberos</span> <span class='ocrx_word' id='word_1_20' title='bbox 784 275 986 327; x_wconf 88' lang='lat' dir='ltr'>vestros,</span> <span class='ocrx_word' id='word_1_21' title='bbox 1026 264 1237 314; x_wconf 89' lang='lat' dir='ltr'>inimicis</span> <span class='ocrx_word' id='word_1_22' title='bbox 1274 265 1412 326; x_wconf 87' lang='lat' dir='ltr'>meis,</span> <span class='ocrx_word' id='word_1_23' title='bbox 1454 265 1523 315; x_wconf 90' lang='lat' dir='ltr'>eis</span> <span class='ocrx_word' id='word_1_24' title='bbox 1561 266 1862 330; x_wconf 89' lang='lat' dir='ltr'>praesertim,</span> 
     </span>
     <span class='ocr_line' id='line_1_4' title="bbox 204 347 1867 412; baseline 0.001 -17"><span class='ocrx_word' id='word_1_25' title='bbox 204 364 327 410; x_wconf 89' lang='lat' dir='ltr'>quos</span> <span class='ocrx_word' id='word_1_26' title='bbox 352 364 444 411; x_wconf 87' lang='lat' dir='ltr'>ego</span> <span class='ocrx_word' id='word_1_27' title='bbox 476 365 565 411; x_wconf 91' lang='lat' dir='ltr'>pro</span> <span class='ocrx_word' id='word_1_28' title='bbox 590 356 750 396; x_wconf 86' lang='lat' dir='ltr'>vestra</span> <span class='ocrx_word' id='word_1_29' title='bbox 781 349 936 397; x_wconf 92' lang='lat' dir='ltr'>salute</span> <span class='ocrx_word' id='word_1_30' title='bbox 969 347 1177 411; x_wconf 85' lang='lat' dir='ltr'>suscepi,</span> <span class='ocrx_word' id='word_1_31' title='bbox 1204 347 1321 397; x_wconf 90' lang='lat' dir='ltr'>dare</span> <span class='ocrx_word' id='word_1_32' title='bbox 1351 347 1587 397; x_wconf 83' lang='lat' dir='ltr'><strong>laetitiam</strong></span> <span class='ocrx_word' id='word_1_33' title='bbox 1618 347 1867 412; x_wconf 85' lang='lat' dir='ltr'>glorianti-</span> 
     </span>
     <span class='ocr_line' id='line_1_5' title="bbox 203 428 1870 491; baseline 0 -13"><span class='ocrx_word' id='word_1_34' title='bbox 203 431 293 479; x_wconf 88' lang='lat' dir='ltr'>bus</span> <span class='ocrx_word' id='word_1_35' title='bbox 316 446 403 479; x_wconf 90' lang='lat' dir='ltr'>vos</span> <span class='ocrx_word' id='word_1_36' title='bbox 438 429 538 478; x_wconf 85' lang='lat' dir='ltr'>iam</span> <span class='ocrx_word' id='word_1_37' title='bbox 569 429 748 479; x_wconf 89' lang='lat' dir='ltr'>oblitos</span> <span class='ocrx_word' id='word_1_38' title='bbox 785 428 883 479; x_wconf 91' lang='lat' dir='ltr'>mei</span> <span class='ocrx_word' id='word_1_39' title='bbox 914 428 1080 478; x_wconf 84' lang='lat' dir='ltr'>salutis</span> <span class='ocrx_word' id='word_1_40' title='bbox 1112 428 1229 488; x_wconf 92' lang='lat' dir='ltr'>eius,</span> <span class='ocrx_word' id='word_1_41' title='bbox 1257 445 1287 477; x_wconf 87' lang='lat' dir='ltr'>a</span> <span class='ocrx_word' id='word_1_42' title='bbox 1315 445 1416 491; x_wconf 92' lang='lat' dir='ltr'>quo</span> <span class='ocrx_word' id='word_1_43' title='bbox 1447 445 1559 479; x_wconf 88' lang='lat' dir='ltr'>mea</span> <span class='ocrx_word' id='word_1_44' title='bbox 1587 431 1717 478; x_wconf 89' lang='lat' dir='ltr'>salus</span> <span class='ocrx_word' id='word_1_45' title='bbox 1753 446 1870 479; x_wconf 93' lang='lat' dir='ltr'>con-</span> 
     </span>
     <span class='ocr_line' id='line_1_6' title="bbox 203 504 1935 568; baseline 0.001 -11"><span class='ocrx_word' id='word_1_46' title='bbox 203 518 391 558; x_wconf 86' lang='lat' dir='ltr'>servata</span> <span class='ocrx_word' id='word_1_47' title='bbox 415 518 502 568; x_wconf 90' lang='lat' dir='ltr'>est,</span> <span class='ocrx_word' id='word_1_48' title='bbox 529 507 684 557; x_wconf 90' lang='lat' dir='ltr'>hostis</span> <span class='ocrx_word' id='word_1_49' title='bbox 710 507 979 557; x_wconf 82' lang='lat' dir='ltr'>exstitisse:</span> <span class='ocrx_word' id='word_1_50' title='bbox 1016 507 1170 558; x_wconf 89' lang='lat' dir='ltr'>nolite</span> <span class='ocrx_word' id='word_1_51' title='bbox 1194 507 1415 557; x_wconf 87' lang='lat' dir='ltr'>animum</span> <span class='ocrx_word' id='word_1_52' title='bbox 1433 525 1598 558; x_wconf 91' lang='lat' dir='ltr'>meum</span> <span class='ocrx_word' id='word_1_53' title='bbox 1617 504 1869 558; x_wconf 84' lang='lat' dir='ltr'>debilitare</span> <span class='ocrx_word' id='word_1_54' title='bbox 1916 529 1935 559; x_wconf 85' lang='lat'>5</span> 
     </span>
     <span class='ocr_line' id='line_1_7' title="bbox 203 589 1872 654; baseline 0.001 -16"><span class='ocrx_word' id='word_1_55' title='bbox 203 606 316 638; x_wconf 91' lang='lat' dir='ltr'>cum</span> <span class='ocrx_word' id='word_1_56' title='bbox 332 592 467 638; x_wconf 87' lang='lat' dir='ltr'>luctu</span> <span class='ocrx_word' id='word_1_57' title='bbox 483 599 589 638; x_wconf 89' lang='lat' dir='ltr'>tum</span> <span class='ocrx_word' id='word_1_58' title='bbox 605 589 751 639; x_wconf 91' lang='lat' dir='ltr'>etiam</span> <span class='ocrx_word' id='word_1_59' title='bbox 770 598 906 638; x_wconf 90' lang='lat' dir='ltr'>metu</span> <span class='ocrx_word' id='word_1_60' title='bbox 920 598 1253 639; x_wconf 82' lang='lat' dir='ltr'>commutatae</span> <span class='ocrx_word' id='word_1_61' title='bbox 1270 599 1458 640; x_wconf 86' lang='lat' dir='ltr'>vestrae</span> <span class='ocrx_word' id='word_1_62' title='bbox 1475 590 1738 639; x_wconf 89' lang='lat' dir='ltr'>voluntatis</span> <span class='ocrx_word' id='word_1_63' title='bbox 1757 606 1872 654; x_wconf 87' lang='lat' dir='ltr'>erga</span> 
     </span>
     <span class='ocr_line' id='line_1_8' title="bbox 205 667 1871 733; baseline 0 -16"><span class='ocrx_word' id='word_1_64' title='bbox 205 685 306 718; x_wconf 88' lang='lat' dir='ltr'>me:</span> <span class='ocrx_word' id='word_1_65' title='bbox 344 667 486 718; x_wconf 87' lang='lat' dir='ltr'>sinite</span> <span class='ocrx_word' id='word_1_66' title='bbox 522 685 615 727; x_wconf 89' lang='lat' dir='ltr'>me,</span> <span class='ocrx_word' id='word_1_67' title='bbox 653 669 790 731; x_wconf 90' lang='lat' dir='ltr'>quod</span> <span class='ocrx_word' id='word_1_68' title='bbox 823 667 964 718; x_wconf 91' lang='lat' dir='ltr'>vobis</span> <span class='ocrx_word' id='word_1_69' title='bbox 998 670 1147 718; x_wconf 88' lang='lat' dir='ltr'>fretus</span> <span class='ocrx_word' id='word_1_70' title='bbox 1182 668 1296 717; x_wconf 90' lang='lat' dir='ltr'>huic</span> <span class='ocrx_word' id='word_1_71' title='bbox 1332 685 1479 733; x_wconf 86' lang='lat' dir='ltr'>saepe</span> <span class='ocrx_word' id='word_1_72' title='bbox 1508 669 1722 733; x_wconf 88' lang='lat' dir='ltr'>promisi,</span> <span class='ocrx_word' id='word_1_73' title='bbox 1753 669 1806 719; x_wconf 86' lang='lat' dir='ltr'>id</span> <span class='ocrx_word' id='word_1_74' title='bbox 1840 686 1871 717; x_wconf 90' lang='lat' dir='ltr'>a</span> 
     </span>
    </p>

    <p class='ocr_par' dir='ltr' id='par_1_3' title="bbox 88 748 1972 1458">
     <span class='ocr_line' id='line_1_9' title="bbox 88 748 1870 813; baseline -0.001 -14"><span class='ocrx_word' id='word_1_75' title='bbox 88 762 184 811; x_wconf 89' lang='lat'>104</span> <span class='ocrx_word' id='word_1_76' title='bbox 205 749 345 799; x_wconf 91' lang='lat' dir='ltr'>vobis</span> <span class='ocrx_word' id='word_1_77' title='bbox 381 749 425 799; x_wconf 91' lang='lat' dir='ltr'>ei</span> <span class='ocrx_word' id='word_1_78' title='bbox 462 750 750 812; x_wconf 85' lang='lat' dir='ltr'>persolvere.</span> <span class='ocrx_word' id='word_1_79' title='bbox 822 757 982 812; x_wconf 91' lang='lat' dir='ltr'>teque,</span> <span class='ocrx_word' id='word_1_80' title='bbox 1019 751 1074 800; x_wconf 88' lang='lat' dir='ltr'>C.</span> <span class='ocrx_word' id='word_1_81' title='bbox 1107 751 1270 808; x_wconf 85' lang='lat' dir='ltr'>Flave,</span> <span class='ocrx_word' id='word_1_82' title='bbox 1309 766 1396 799; x_wconf 90' lang='lat' dir='ltr'>oro</span> <span class='ocrx_word' id='word_1_83' title='bbox 1433 759 1482 800; x_wconf 92' lang='lat' dir='ltr'>et</span> <span class='ocrx_word' id='word_1_84' title='bbox 1516 751 1749 810; x_wconf 89' lang='lat' dir='ltr'>obtestor,</span> <span class='ocrx_word' id='word_1_85' title='bbox 1785 748 1870 813; x_wconf 90' lang='lat' dir='ltr'>qui</span> 
     </span>
     <span class='ocr_line' id='line_1_10' title="bbox 206 829 1870 894; baseline -0.001 -15"><span class='ocrx_word' id='word_1_86' title='bbox 206 848 428 880; x_wconf 89' lang='lat' dir='ltr'>meorum</span> <span class='ocrx_word' id='word_1_87' title='bbox 459 829 776 879; x_wconf 89' lang='lat' dir='ltr'>consiliorum</span> <span class='ocrx_word' id='word_1_88' title='bbox 809 829 862 877; x_wconf 90' lang='lat' dir='ltr'>in</span> <span class='ocrx_word' id='word_1_89' title='bbox 898 832 1158 879; x_wconf 86' lang='lat' dir='ltr'>consulatu</span> <span class='ocrx_word' id='word_1_90' title='bbox 1193 829 1370 892; x_wconf 91' lang='lat' dir='ltr'>socius,</span> <span class='ocrx_word' id='word_1_91' title='bbox 1401 829 1729 894; x_wconf 87' lang='lat' dir='ltr'>periculorum</span> <span class='ocrx_word' id='word_1_92' title='bbox 1762 846 1870 894; x_wconf 92' lang='lat' dir='ltr'>par-</span> 
     </span>
     <span class='ocr_line' id='line_1_11' title="bbox 204 910 1932 975; baseline -0.001 -15"><span class='ocrx_word' id='word_1_93' title='bbox 204 912 373 975; x_wconf 88' lang='lat' dir='ltr'>ticeps,</span> <span class='ocrx_word' id='word_1_94' title='bbox 408 928 583 971; x_wconf 90' lang='lat' dir='ltr'>rerum,</span> <span class='ocrx_word' id='word_1_95' title='bbox 618 928 738 975; x_wconf 89' lang='lat' dir='ltr'>quas</span> <span class='ocrx_word' id='word_1_96' title='bbox 769 910 912 975; x_wconf 88' lang='lat' dir='ltr'>gessi,</span> <span class='ocrx_word' id='word_1_97' title='bbox 949 911 1142 961; x_wconf 88' lang='lat' dir='ltr'>adiutor</span> <span class='ocrx_word' id='word_1_98' title='bbox 1180 910 1326 972; x_wconf 88' lang='lat' dir='ltr'>fuisti,</span> <span class='ocrx_word' id='word_1_99' title='bbox 1363 928 1542 975; x_wconf 89' lang='lat' dir='ltr'>meque</span> <span class='ocrx_word' id='word_1_100' title='bbox 1577 928 1680 961; x_wconf 88' lang='lat' dir='ltr'>non</span> <span class='ocrx_word' id='word_1_101' title='bbox 1715 911 1867 961; x_wconf 89' lang='lat' dir='ltr'>modo</span> <span class='ocrx_word' id='word_1_102' title='bbox 1893 932 1932 954; x_wconf 87' lang='lat'>10</span> 
     </span>
     <span class='ocr_line' id='line_1_12' title="bbox 205 991 1871 1055; baseline -0.001 -14"><span class='ocrx_word' id='word_1_103' title='bbox 205 994 394 1041; x_wconf 90' lang='lat' dir='ltr'>salvum</span> <span class='ocrx_word' id='word_1_104' title='bbox 429 1008 634 1055; x_wconf 90' lang='lat' dir='ltr'>semper,</span> <span class='ocrx_word' id='word_1_105' title='bbox 672 993 762 1041; x_wconf 93' lang='lat' dir='ltr'>sed</span> <span class='ocrx_word' id='word_1_106' title='bbox 796 991 946 1041; x_wconf 91' lang='lat' dir='ltr'>etiam</span> <span class='ocrx_word' id='word_1_107' title='bbox 985 1001 1214 1042; x_wconf 90' lang='lat' dir='ltr'>ornatum</span> <span class='ocrx_word' id='word_1_108' title='bbox 1248 993 1606 1054; x_wconf 88' lang='lat' dir='ltr'>florentemque</span> <span class='ocrx_word' id='word_1_109' title='bbox 1642 1008 1750 1041; x_wconf 92' lang='lat' dir='ltr'>esse</span> <span class='ocrx_word' id='word_1_110' title='bbox 1789 1007 1871 1040; x_wconf 93' lang='lat' dir='ltr'>vo-</span> 
     </span>
     <span class='ocr_line' id='line_1_13' title="bbox 204 1072 1871 1137; baseline 0.001 -15"><span class='ocrx_word' id='word_1_111' title='bbox 204 1072 347 1131; x_wconf 89' lang='lat' dir='ltr'>luisti,</span> <span class='ocrx_word' id='word_1_112' title='bbox 374 1082 429 1121; x_wconf 93' lang='lat' dir='ltr'>ut</span> <span class='ocrx_word' id='word_1_113' title='bbox 453 1072 573 1120; x_wconf 88' lang='lat' dir='ltr'>mihi</span> <span class='ocrx_word' id='word_1_114' title='bbox 604 1089 691 1136; x_wconf 90' lang='lat' dir='ltr'>per</span> <span class='ocrx_word' id='word_1_115' title='bbox 721 1074 813 1121; x_wconf 91' lang='lat' dir='ltr'>hos</span> <span class='ocrx_word' id='word_1_116' title='bbox 845 1089 1107 1123; x_wconf 85' lang='lat' dir='ltr'>conserves</span> <span class='ocrx_word' id='word_1_117' title='bbox 1136 1089 1264 1133; x_wconf 92' lang='lat' dir='ltr'>eum,</span> <span class='ocrx_word' id='word_1_118' title='bbox 1291 1090 1379 1137; x_wconf 92' lang='lat' dir='ltr'>per</span> <span class='ocrx_word' id='word_1_119' title='bbox 1410 1089 1560 1137; x_wconf 89' lang='lat' dir='ltr'>quem</span> <span class='ocrx_word' id='word_1_120' title='bbox 1591 1090 1672 1122; x_wconf 90' lang='lat' dir='ltr'>me</span> <span class='ocrx_word' id='word_1_121' title='bbox 1702 1073 1790 1122; x_wconf 87' lang='lat' dir='ltr'>tibi</span> <span class='ocrx_word' id='word_1_122' title='bbox 1822 1085 1871 1123; x_wconf 94' lang='lat' dir='ltr'>et</span> 
     </span>
     <span class='ocr_line' id='line_1_14' title="bbox 206 1151 1870 1216; baseline 0 -16"><span class='ocrx_word' id='word_1_123' title='bbox 206 1152 282 1200; x_wconf 88' lang='lat' dir='ltr'>his</span> <span class='ocrx_word' id='word_1_124' title='bbox 324 1162 667 1202; x_wconf 87' lang='lat' dir='ltr'>conservatum</span> <span class='ocrx_word' id='word_1_125' title='bbox 712 1151 863 1201; x_wconf 90' lang='lat' dir='ltr'>vides.</span> <span class='ocrx_word' id='word_1_126' title='bbox 953 1154 1095 1216; x_wconf 89' lang='lat' dir='ltr'>plura</span> <span class='ocrx_word' id='word_1_127' title='bbox 1140 1169 1205 1202; x_wconf 90' lang='lat' dir='ltr'>ne</span> <span class='ocrx_word' id='word_1_128' title='bbox 1242 1152 1404 1202; x_wconf 89' lang='lat' dir='ltr'>dicam</span> <span class='ocrx_word' id='word_1_129' title='bbox 1444 1162 1558 1202; x_wconf 90' lang='lat' dir='ltr'>tuae</span> <span class='ocrx_word' id='word_1_130' title='bbox 1601 1169 1682 1201; x_wconf 90' lang='lat' dir='ltr'>me</span> <span class='ocrx_word' id='word_1_131' title='bbox 1722 1151 1870 1202; x_wconf 86' lang='lat' dir='ltr'>etiam</span> 
     </span>
     <span class='ocr_line' id='line_1_15' title="bbox 208 1232 1867 1296; baseline 0.001 -14"><span class='ocrx_word' id='word_1_132' title='bbox 208 1233 436 1282; x_wconf 89' lang='lat' dir='ltr'>lacrimae</span> <span class='ocrx_word' id='word_1_133' title='bbox 470 1232 752 1296; x_wconf 88' lang='lat' dir='ltr'>impediunt</span> <span class='ocrx_word' id='word_1_134' title='bbox 792 1241 1093 1296; x_wconf 88' lang='lat' dir='ltr'>vestraeque,</span> <span class='ocrx_word' id='word_1_135' title='bbox 1130 1233 1334 1294; x_wconf 88' lang='lat' dir='ltr'>iudices,</span> <span class='ocrx_word' id='word_1_136' title='bbox 1370 1250 1474 1282; x_wconf 91' lang='lat' dir='ltr'>non</span> <span class='ocrx_word' id='word_1_137' title='bbox 1511 1235 1672 1282; x_wconf 90' lang='lat' dir='ltr'>solum</span> <span class='ocrx_word' id='word_1_138' title='bbox 1712 1250 1867 1294; x_wconf 90' lang='lat' dir='ltr'>meae,</span> 
     </span>
     <span class='ocr_line' id='line_1_16' title="bbox 208 1313 1972 1378; baseline 0.001 -17"><span class='ocrx_word' id='word_1_139' title='bbox 208 1314 385 1377; x_wconf 86' lang='lat' dir='ltr'>quibus</span> <span class='ocrx_word' id='word_1_140' title='bbox 410 1330 502 1376; x_wconf 89' lang='lat' dir='ltr'>ego</span> <span class='ocrx_word' id='word_1_141' title='bbox 527 1330 708 1376; x_wconf 85' lang='lat' dir='ltr'>magno</span> <span class='ocrx_word' id='word_1_142' title='bbox 731 1313 783 1361; x_wconf 87' lang='lat' dir='ltr'>in</span> <span class='ocrx_word' id='word_1_143' title='bbox 808 1324 943 1364; x_wconf 89' lang='lat' dir='ltr'>metu</span> <span class='ocrx_word' id='word_1_144' title='bbox 967 1331 1080 1364; x_wconf 94' lang='lat' dir='ltr'>meo</span> <span class='ocrx_word' id='word_1_145' title='bbox 1105 1315 1269 1367; x_wconf 85' lang='lat' dir='ltr'>subito</span> <span class='ocrx_word' id='word_1_146' title='bbox 1293 1314 1505 1364; x_wconf 90' lang='lat' dir='ltr'>inducor</span> <span class='ocrx_word' id='word_1_147' title='bbox 1525 1314 1578 1363; x_wconf 88' lang='lat' dir='ltr'>in</span> <span class='ocrx_word' id='word_1_148' title='bbox 1602 1331 1756 1378; x_wconf 93' lang='lat' dir='ltr'>spem,</span> <span class='ocrx_word' id='word_1_149' title='bbox 1781 1332 1868 1365; x_wconf 89' lang='lat' dir='ltr'>vos</span> <span class='ocrx_word' id='word_1_150' title='bbox 1893 1333 1931 1363; x_wconf 75' lang='lat'>13</span> <span class='ocrx_word' id='word_1_151' title='bbox 1963 1352 1972 1358; x_wconf 61' lang='lat'>„</span> 
     </span>
     <span class='ocr_line' id='line_1_17' title="bbox 209 1395 1867 1458; baseline 0.001 -14"><span class='ocrx_word' id='word_1_152' title='bbox 209 1397 413 1445; x_wconf 90' lang='lat' dir='ltr'>eosdem</span> <span class='ocrx_word' id='word_1_153' title='bbox 451 1395 503 1443; x_wconf 91' lang='lat' dir='ltr'>in</span> <span class='ocrx_word' id='word_1_154' title='bbox 544 1396 641 1444; x_wconf 91' lang='lat' dir='ltr'>hoc</span> <span class='ocrx_word' id='word_1_155' title='bbox 687 1396 1030 1445; x_wconf 86' lang='lat' dir='ltr'>conservando</span> <span class='ocrx_word' id='word_1_156' title='bbox 1075 1397 1275 1458; x_wconf 86' lang='lat' dir='ltr'>futuros,</span> <span class='ocrx_word' id='word_1_157' title='bbox 1316 1395 1399 1458; x_wconf 93' lang='lat' dir='ltr'>qui</span> <span class='ocrx_word' id='word_1_158' title='bbox 1443 1395 1627 1445; x_wconf 86' lang='lat' dir='ltr'>fueritis</span> <span class='ocrx_word' id='word_1_159' title='bbox 1671 1395 1724 1443; x_wconf 89' lang='lat' dir='ltr'>in</span> <span class='ocrx_word' id='word_1_160' title='bbox 1772 1412 1867 1456; x_wconf 89' lang='lat' dir='ltr'>me,</span> 
     </span>
    </p>
   </div>
   <div class='ocr_carea' id='block_1_3' title="bbox 188 1475 1870 1626">
    <p class='ocr_par' dir='ltr' id='par_1_4' title="bbox 188 1475 1870 1626">
     <span class='ocr_line' id='line_1_18' title="bbox 210 1475 1870 1542; baseline 0 -16"><span class='ocrx_word' id='word_1_161' title='bbox 210 1476 446 1541; x_wconf 89' lang='lat' dir='ltr'>quoniam</span> <span class='ocrx_word' id='word_1_162' title='bbox 468 1476 571 1525; x_wconf 89' lang='lat' dir='ltr'>istis</span> <span class='ocrx_word' id='word_1_163' title='bbox 595 1476 765 1525; x_wconf 89' lang='lat' dir='ltr'>vestris</span> <span class='ocrx_word' id='word_1_164' title='bbox 797 1475 1006 1525; x_wconf 88' lang='lat' dir='ltr'>lacrimis</span> <span class='ocrx_word' id='word_1_165' title='bbox 1039 1478 1103 1528; x_wconf 89' lang='lat' dir='ltr'>de</span> <span class='ocrx_word' id='word_1_166' title='bbox 1132 1476 1226 1526; x_wconf 88' lang='lat' dir='ltr'>illis</span> <span class='ocrx_word' id='word_1_167' title='bbox 1257 1477 1502 1539; x_wconf 89' lang='lat' dir='ltr'>recordor,</span> <span class='ocrx_word' id='word_1_168' title='bbox 1528 1493 1650 1541; x_wconf 90' lang='lat' dir='ltr'>quas</span> <span class='ocrx_word' id='word_1_169' title='bbox 1674 1493 1764 1542; x_wconf 89' lang='lat' dir='ltr'>pro</span> <span class='ocrx_word' id='word_1_170' title='bbox 1790 1493 1870 1526; x_wconf 91' lang='lat' dir='ltr'>me</span> 
     </span>
     <span class='ocr_line' id='line_1_19' title="bbox 188 1555 984 1626; baseline -0.004 -18"><span class='ocrx_word' id='word_1_171' title='bbox 188 1623 190 1626; x_wconf 17' lang='lat' dir='ltr'>v</span> <span class='ocrx_word' id='word_1_172' title='bbox 212 1575 359 1622; x_wconf 88' lang='lat' dir='ltr'>saepe</span> <span class='ocrx_word' id='word_1_173' title='bbox 383 1566 431 1607; x_wconf 92' lang='lat' dir='ltr'>et</span> <span class='ocrx_word' id='word_1_174' title='bbox 455 1558 663 1607; x_wconf 82' lang='lat' dir='ltr'>multum</span> <span class='ocrx_word' id='word_1_175' title='bbox 689 1555 984 1621; x_wconf 68' lang='lat' dir='ltr'>profudistis</span> 
     </span>
    </p>
   </div>
  </div>
 </body>
</html>
