2046 3112
148 111 299 161 ΠΜ,
324 107 407 176 93]
490 109 642 159 PRO
684 109 793 157 CN.
829 106 1163 156 PLANCIO
1203 105 1484 156 ORATIO
1754 113 1815 167 37

145 234 261 267 nam
295 217 378 280 qui
406 233 495 280 pro
531 234 582 267 re
614 216 812 280 publica
835 214 983 265 vitam
1015 212 1458 265 ediderunt—licet
1489 229 1570 262 me
1594 211 1819 276 desipere

146 299 319 349 dicatis
330 326 401 358 -—‚
420 315 690 360 numquam
711 314 790 346 me
810 299 1008 346 hercule
1033 313 1118 346 eos
1144 306 1353 345 mortem
1372 293 1534 358 potius
1561 310 1710 356 quam
1734 292 1820 341 im-

146 378 495 428 mortalitatem
519 379 782 427 adsecutos
809 376 990 441 putavi.
1063 393 1155 440 ego
1179 393 1295 426 vero
1321 375 1361 424 si
1386 385 1491 423 tum
1516 374 1709 422 illorum
1733 373 1820 420 im-

144 460 339 523 piorum
363 461 488 508 ferro
513 475 571 507 ac
595 474 745 507 manu
769 457 1112 516 concidissem,
1134 455 1184 504 in
1209 465 1502 519 perpetuum
1521 471 1596 503 res
1621 454 1818 516 publica

43 542 45 548 ’
104 573 122 604 5
145 541 287 590 civile
311 540 609 604 praesidium
634 539 802 589 salutis
836 555 954 588 suae
990 538 1284 602 perdidisset
1299 555 1312 599 ,·
1352 537 1471 598 quin
1501 535 1647 585 etiam
1673 535 1713 583 si
1737 552 1815 584 me

143 621 215 673 vis
240 623 403 685 aliqua
426 623 586 671 morbi
611 632 693 671 aut
709 631 882 671 natura
901 621 1008 684 ipsa
1031 619 1431 683 consumpsisset,
1453 627 1619 667 tamen
1639 617 1817 666 auxilia

143 703 442 767 posteritatis
484 713 649 752 essent
694 702 966 761 imminuta,
1013 701 1149 764 quod
1189 708 1500 764 peremptum
1541 708 1669 748 esset
1705 714 1816 746 mea

143 795 301 834 morte
338 786 390 834 id
427 786 721 847 exemplum,
750 783 907 846 qualis
936 784 1124 830 futurus
1161 781 1211 829 in
1247 798 1328 830 me
1359 780 1618 830 retinendo
1647 779 1816 828 fuisset

143 876 342 915 senatus
379 867 694 929 populusque
734 867 1006 914 Romanus.
1079 879 1143 910 an
1180 862 1219 911 si
1255 879 1491 925 umquam
1521 861 1649 911 vitae
1685 861 1816 924 cupi-

83 979 123 1000 10
144 949 270 997 ditas
309 948 360 996 in
398 965 477 996 me
515 949 697 1007 fuisset,
742 963 834 1010 ego
872 963 1041 995 mense
1082 945 1349 994 Decembri
1390 944 1489 993 mei
1529 945 1814 993 consulatus

143 1029 366 1078 omnium
407 1027 759 1091 parricidarum
806 1028 905 1075 tela
951 1027 1318 1076 commossem?
1376 1041 1518 1088 quae,
1563 1025 1604 1073 si
1644 1024 1814 1088 viginti

142 1110 387 1174 quiessem
431 1109 549 1169 dies,
594 1108 646 1156 in
687 1108 894 1157 aliorum
940 1107 1157 1170 vigiliam
1204 1108 1463 1155 consulum
1509 1106 1811 1156 recidissent.

141 1207 289 1254 quam
330 1192 395 1239 ob
437 1206 540 1238 rem
578 1189 619 1238 si
653 1190 782 1241 vitae
820 1188 1064 1252 cupiditas
1105 1197 1278 1237 contra
1312 1205 1417 1236 rem
1452 1188 1704 1251 publicam
1741 1197 1814 1237 est

139 1271 308 1334 turpis,
336 1280 466 1320 certe
498 1272 654 1319 multo
688 1270 857 1320 mortis
882 1269 1127 1334 cupiditas
1156 1286 1267 1319 mea
1290 1270 1475 1333 turpior
1498 1269 1666 1319 fuisset
1698 1286 1814 1318 cum

80 1387 119 1418 15
138 1354 354 1418 pernicie
379 1353 599 1402 civitatis.

255 1439 385 1485 Nam
413 1437 549 1498 quod
574 1444 622 1484 te
647 1451 754 1484 esse
779 1434 830 1483 in
853 1452 906 1484 re
929 1433 1128 1498 publica
1159 1434 1368 1484 liberum
1401 1450 1453 1483 es
1485 1433 1734 1497 gloriatus,
1760 1432 1812 1483 id
1839 1436 1897 1483 91

137 1534 230 1582 ego
267 1526 315 1566 et
351 1519 507 1565 fateor
541 1525 590 1565 et
625 1518 781 1566 laetor
812 1526 861 1565 et
889 1516 979 1565 tibi
1011 1516 1161 1564 etiam
1193 1516 1244 1564 in
1267 1517 1364 1565 hoc
1398 1517 1642 1579 gratulor:
1679 1515 1814 1578 quod

136 1615 218 1660 rne
247 1607 412 1646 autem
446 1597 648 1661 negasti,
675 1597 727 1645 in
754 1614 815 1646 eo
841 1614 1004 1660 neque
1029 1607 1077 1646 te
1102 1613 1264 1660 neque
1296 1612 1597 1659 quemquam
1630 1596 1812 1656 diutius

136 1680 294 1743 patiar
329 1696 523 1728 errare„
594 1680 882 1727 XXXVIII
953 1695 1070 1727 nam
1103 1679 1143 1727 si
1179 1678 1287 1741 quis
1323 1677 1509 1727 idcirco
1537 1677 1724 1741 aliquid
1748 1680 1812 1728 de

75 1792 117 1814 20
137 1762 358 1811 libertate
374 1777 486 1809 mea
501 1760 810 1809 deminutum
826 1770 979 1823 putat,
998 1761 1134 1823 quod
1153 1777 1255 1808 non
1273 1760 1336 1809 ab
1357 1759 1588 1808 omnibus
1608 1760 1809 1820 eisdem,

135 1860 166 1892 a
197 1843 375 1906 quibus
409 1851 556 1891 antea
592 1842 763 1910 solitus
800 1858 908 1890 sum
943 1841 1213 1902 dissentire,
1243 1841 1543 1900 dissentiam,
1582 1841 1808 1905 primum,

137 1923 177 1973 si
201 1926 328 1973 bene
354 1925 417 1972 de
443 1940 522 1972 me
547 1923 730 1972 meritis
755 1933 947 1987 gratum
971 1940 1053 1972 me
1076 1923 1306 1986 praebeo,
1331 1939 1434 1971 non
1470 1924 1632 1972 debeo
1657 1922 1812 1972 incur-

134 2022 239 2056 rere
269 2005 321 2053 in
352 2005 538 2053 crimen
570 2004 783 2053 hominis
816 2003 1026 2066 nimium
1058 2004 1290 2053 memoris
1322 2003 1629 2067 nimiumque
1663 2004 1810 2068 grati:

136 2087 211 2136 sin
236 2096 401 2135 autem
426 2085 695 2148 aliquando
719 2085 824 2134 sine
840 2087 941 2134 ullo
957 2085 1027 2135 rei
1045 2085 1269 2148 publicae
1286 2085 1582 2134 detrimento
1602 2086 1810 2149 respicio

75 2196 116 2226 25
137 2169 283 2218 etiam
309 2170 516 2217 salutem
541 2185 652 2216 cum
678 2184 840 2216 meam
860 2177 964 2216 tum
990 2184 1227 2228 meorum,
1245 2177 1376 2216 certe
1401 2184 1504 2217 non
1529 2169 1683 2217 modo
1707 2185 1806 2218 non

136 2268 244 2301 sum
270 2252 720 2314 reprehendendus,
743 2252 831 2300 sed
858 2250 1004 2299 etiam
1030 2250 1070 2298 si
1094 2267 1233 2299 ruere
1257 2251 1448 2310 vellem,
1477 2251 1597 2300 boni
1618 2251 1706 2300 viri
1730 2269 1810 2300 me

136 2343 190 2383 ut
221 2334 272 2383 id
304 2351 366 2382 ne
398 2335 609 2382 facerem
643 2341 885 2396 rogarent.
957 2349 1033 2381 res
1067 2349 1184 2381 vero
1220 2332 1327 2395 ipsa
1360 2333 1573 2395 publica,
1601 2332 1640 2382 si
1674 2334 1810 2396 loqui
1834 2334 1895 2381 92

135 2427 316 2482 posset,
354 2427 518 2481 ageret
554 2433 766 2477 mecum,
801 2425 868 2476 ut,
908 2415 1144 2479 quoniam
1180 2415 1273 2465 sibi
1308 2416 1564 2465 servissem
1600 2432 1806 2480 semper,

136 2517 406 2563 numquam
443 2499 577 2559 mihi,
605 2501 790 2547 fructus
825 2508 992 2547 autem
1024 2515 1083 2547 ex
1120 2515 1226 2548 sese
1263 2514 1378 2557 non,
1405 2507 1460 2547 ut
1495 2499 1807 2562 oportuisset,

74 2606 116 2637 30
135 2586 290 2633 laetos
327 2594 375 2633 et
407 2584 598 2642 ubereS,
629 2583 719 2631 sed
753 2598 932 2644 magna
967 2581 1232 2631 acerbitate
1267 2581 1535 2645 permixtos
1570 2582 1805 2643 tulissem,

136 2665 312 2715 utiam
337 2665 459 2714 mihi
491 2664 735 2724 servirem,
763 2665 1072 2712 consulerem
1105 2663 1258 2712 meis:
1296 2680 1348 2712 se
1381 2680 1482 2713 non
1513 2666 1666 2714 modo
1692 2666 1807 2715 satis

135 2749 315 2798 habere
339 2765 368 2796 a
392 2764 486 2807 me,
505 2747 593 2796 sed
618 2745 767 2795 etiam
789 2745 943 2795 vereri
962 2762 1024 2795 ne
1042 2762 1216 2809 parum
1235 2745 1355 2794 mihi
1370 2763 1458 2809 pro
1474 2763 1548 2806 eo,
1567 2758 1806 2810 quantum

136 2846 167 2891 a
190 2846 270 2880 me
294 2831 512 2891 haberet,
536 2828 843 2890 reddidisset.
866 2884 869 2885 ⁷
915 2827 1063 2892 quid?
1098 2828 1138 2878 si
1162 2829 1336 2897 horum
1363 2845 1454 2892 ego
1480 2829 1600 2885 nihil
1625 2829 1892 2894 cogito,f93
