2046 3112
187 223 266 256 ses
288 223 452 271 neque
474 207 589 257 huic
612 211 670 257 A.
700 206 879 268 Plotio,
905 208 1215 259 ornatissimo
1246 209 1450 270 homini,
1475 211 1696 261 familiari
1719 230 1849 272 me0‚

187 298 238 339 et
270 292 335 338 ab
372 306 446 350 e0,
488 289 581 353 qui·
608 290 702 340 hos
739 289 960 351 dimovit,
988 290 1151 354 potius
1187 307 1339 354 quam
1373 291 1437 341 ab
1473 292 1558 353 εἰς,
1596 293 1682 356 qui
1716 293 1769 342 in
1804 303 1853 344 te

102 377 163 423 18
186 370 348 433 ipsum
394 371 736 432 incubuerunt,
773 380 825 421 te
865 372 1126 435 depulsum
1161 380 1317 435 putas.
1403 374 1493 422 sed
1526 382 1692 423 tamen
1726 376 1852 425 haee

185 450 275 500 tibi
311 460 386 500 est
419 451 576 514 prima
610 469 725 501 cum
751 451 955 501 Plancio
989 450 1180 516 generis
1211 451 1358 500 vestri
1391 453 1700 516 familiaeque
1736 471 1853 504 con-

185 531 355 591 tentio,
390 549 490 595 qua
523 534 612 582 abs
640 541 691 581 te
724 530 946 581 vincitur.
1019 548 1106 580 cur
1139 531 1273 581 enim
1306 549 1409 581 non
1444 536 1682 584 confitear
1715 537 1851 598 quod
1899 569 1918 598 ς

185 629 388 662 necesse
426 616 537 663 est?
617 613 705 662 sed
740 629 843 662 non
879 612 962 660 hic
995 611 1151 675 magis
1187 629 1336 675 quam
1374 630 1466 677 ego
1500 631 1532 662 a
1564 615 1688 665 meis
1723 633 1853 665 corn-

185 693 474 757 petitoribus
506 703 556 743 et
579 694 699 743 alias
724 703 774 743 et
796 694 848 742 in
872 695 1156 744 consulatus
1184 694 1422 756 petitione
1445 694 1690 746 vincebat.
1762 699 1852 748 sed

184 772 300 821 vide
331 789 395 821 ne
429 774 555 823 haec
589 774 710 838 ipsa,
745 790 872 838 quae
908 773 1136 837 despicis,
1162 773 1279 822 huic
1313 775 1574 838 suffragata
1601 776 1707 825 sint.
1782 777 1853 826 sic

187 853 317 903 enim
359 855 698 905 conferamus:
750 864 826 904 est
865 865 1007 904 tuum
1047 871 1233 904 nomen
1269 865 1475 918 utraque
1511 857 1694 905 familia
1738 874 1853 907 con-

186 935 367 983 sulare:
396 951 518 982 num
543 935 739 984 dubitas
762 936 907 999 igitur
931 935 1051 998 quin
1075 952 1264 997 omnes,
1290 936 1376 999 qui
1398 937 1566 985 favent
1590 937 1849 998 nobilitati,
1875 969 1917 992 10

185 1012 271 1075 qui
295 1012 346 1061 id
370 1023 545 1076 putant
578 1031 686 1064 esse
718 1015 1116 1078 pulcherrimum,
1142 1016 1228 1078 qui
1255 1015 1675 1080 imaginibus,·qui
1698 1018 1854 1066 nomi-

184 1093 330 1142 nibus
354 1093 526 1143 vestris
562 1095 825 1156 ducuntur,
851 1104 901 1144 te
931 1095 1144 1145 aedilem
1175 1096 1414 1146 fecerint?
1485 1098 1716 1160 equidem
1750 1116 1853 1149 non

186 1174 374 1225 dubito.
446 1177 535 1225 sed
576 1175 617 1224 si
657 1193 832 1240 parum
869 1177 1013 1226 multi
1051 1187 1166 1227 sunt
1200 1179 1285 1241 qui
1319 1179 1627 1229 nobilitatem
1668 1190 1850 1242 ament,

184 1274 305 1307 num
327 1258 421 1308 ista
444 1268 517 1309 est
542 1269 709 1309 nostra
739 1262 922 1323 culpa?
991 1261 1174 1310 etenim
1206 1261 1271 1310 ad
1306 1271 1454 1324 caput
1485 1271 1535 1311 et
1565 1264 1630 1311 ad
1661 1264 1851 1312 fontem

100 1343 160 1390 19
183 1339 375 1403 generis
408 1339 662 1403 utriusque
698 1340 964 1389 veniamus.
1050 1343 1185 1390 VIII
1222 1350 1276 1390 tu
1315 1358 1367 1390 es
1403 1359 1431 1391 e
1466 1343 1736 1406 municipio
1771 1360 1854 1392 an·
1875 1370 1914 1402 15

184 1420 461 1483 tiquissimo
496 1423 795 1481 Tusculano,
833 1437 894 1470 ex
928 1437 1030 1484 quo
1071 1430 1186 1470 sunt
1220 1422 1458 1484 plurimae
1491 1423 1703 1472 familiae
1738 1440 1854 1472 con-

184 1504 380 1563 sulares,
417 1503 469 1551 in
507 1503 684 1566 quibus
723 1513 796 1553 est
831 1503 981 1553 etiam
1016 1503 1387 1552 Iuventia—tot
1421 1519 1483 1552 ex
1516 1503 1714 1566 reliquis
1749 1520 1852 1552 mu-

183 1583 379 1647 nicipiis
410 1585 642 1633 omnibus
675 1601 778 1634 non
813 1594 1017 1647 sunt—3
1053 1584 1134 1632 hic
1169 1594 1243 1633 est
1266 1601 1294 1634 e
1318 1586 1622 1647 praefectura
1646 1584 1848 1648 Atinati,

184 1682 288 1715 non
325 1675 427 1714 tam
463 1666 636 1729 prisca,
679 1682 782 1716 non
819 1676 920 1715 tam
960 1667 1215 1728 honorata,
1259 1683 1361 1715 non
1407 1676 1510 1715 tam
1556 1667 1848 1721 suburbana.

184 1756 424 1811 quantum
481 1747 716 1798 interesse
761 1747 835 1797 vis
892 1749 956 1797 ad
1012 1747 1254 1796 rationem
1310 1747 1551 1812 petendi?
1638 1749 1851 1811 primum
1873 1778 1915 1801 20

183 1837 348 1877 utrum
388 1828 543 1891 magis
591 1830 752 1878 favere
797 1839 942 1892 putas
988 1827 1201 1878 Atinatis
1247 1845 1313 1877 an
1358 1830 1668 1879 Tusculanos
1715 1830 1853 1882 suis?

183 1909 516 1959 alteri—scire
542 1910 673 1958 enim
707 1910 806 1959 hoc
836 1918 1036 1973 propter
1058 1909 1363 1958 vicinitatem
1397 1910 1540 1960 facile
1563 1927 1849 1974 possum—,

183 2008 297 2041 cum
334 1990 478 2040 huius
525 1990 820 2040 ornatissimi
871 2000 1021 2053 atque
1078 1991 1253 2054 optimi
1292 1990 1397 2051 viri,
1446 1994 1537 2042 Cn.
1587 1993 1848 2055 Saturnini,

181 2083 373 2137 patrem
420 2073 648 2134 aedilem,
697 2089 812 2121 cum
868 2082 1144 2136 praetorem
1189 2073 1432 2134 viderunt,
1481 2075 1619 2136 quod
1663 2075 1850 2137 primus

182 2154 265 2204 ille
311 2171 414 2203 non
460 2155 616 2203 modo
661 2154 714 2202 in
759 2170 871 2203 eam
917 2153 1167 2213 familiam,
1211 2155 1301 2203 sed
1347 2154 1495 2204 etiam
1540 2154 1592 2202 in
1637 2158 1850 2218 praefec-
1871 2178 1911 2209 25

181 2244 340 2284 turam
364 2235 495 2284 illam
522 2236 694 2284 sellam
727 2236 947 2283 curulem
981 2234 1237 2294 attulisset,
1262 2235 1542 2284 mirandum
1565 2235 1617 2284 in
1641 2237 1848 2285 modum

181 2316 350 2366 laetati
384 2326 528 2366 sunt:
563 2318 974 2375 alteros—credo,
1000 2316 1116 2380 quia
1149 2318 1378 2366 refertum
1415 2326 1489 2366 est
1523 2317 1847 2381 municipium

182 2397 523 2447 consularibus
539 2415 553 2458 3
598 2414 716 2446 nam
756 2399 1025 2447 malevolos
1065 2414 1169 2447 non
1204 2414 1312 2447 esse
1358 2406 1495 2446 certo
1539 2396 1849 2447 scio—num-

182 2493 333 2539 quam
390 2476 607 2527 intellexi
649 2476 991 2528 vehementius
1037 2494 1236 2527 suorum
1293 2477 1600 2540 municipum
1657 2478 1848 2528 honore

96 2564 159 2612 20
182 2558 363 2607 laetari.
457 2560 698 2609 habemus
755 2560 853 2609 hoc
907 2575 1030 2609 nos:
1086 2560 1272 2609 habent
1338 2568 1506 2609 nostra
1561 2558 1844 2621 municipia.
1868 2584 1910 2615 30

181 2638 303 2700 quid
350 2654 443 2701 ego
483 2639 548 2688 de
588 2654 685 2700 me,
723 2639 789 2688 de
824 2639 970 2688 fratre
1015 2655 1129 2688 meo
1174 2641 1384 2702 loquar?
1432 2654 1643 2701 quorum
1687 2639 1846 2687 hono-

181 2718 315 2768 ribus
360 2717 463 2780 agri
507 2717 603 2782 ipsi
647 2735 803 2782 prope
849 2719 1012 2769 dicam
1058 2728 1355 2781 montesque
1401 2720 1637 2767 faverunt.
1725 2733 1847 2766 num

182 2800 385 2865 quando
419 2799 560 2850 vides
594 2802 931 2850 Tusculanum
967 2799 1183 2863 aliquem
1229 2800 1295 2850 de
1337 2801 1409 2848 M.
1445 2800 1640 2849 Catone
1673 2797 1759 2848 illo
1793 2798 1845 2848 in

190 104 221 150 8
623 105 700 153 M
744 104 973 153 TVLLI
1013 104 1423 156 CICERONIS
1636 105 1762 174 [VII
1792 122 1851 171 17
2027 0 2046 1144 1

2039 1145 2046 1486 i
