2046 3112
167 109 191 172 §
212 106 295 175 58]
873 111 1125 162 NOTES
1745 130 1837 178 139

170 218 353 258 curiosus
372 223 415 259 et
433 219 611 271 diligens
630 220 836 261 eruendae
858 217 1102 261 vetustatis.'
1159 220 1286 261 From
1317 218 1453 260 which
1485 217 1518 260 it
1543 233 1719 274 appears
1747 222 1837 262 that

169 272 340 312 Iunius
362 273 559 325 Congus
579 288 662 314 was
684 282 756 314 not
776 289 800 315 a
822 275 958 314 doctus
977 275 1106 320 homo,
1127 275 1196 315 i.e.
1224 276 1299 313 ‘an
1320 275 1523 314 educated
1543 275 1670 323 man‚'
1691 277 1764 315 but
1783 290 1837 316 an

165 327 395 379 antiquary.
453 328 533 368 We
561 329 667 369 have
695 329 765 369 the
792 329 1014 381 testimony
1039 330 1087 369 of
1106 329 1176 368 the
1195 329 1347 368 satirist
1367 328 1551 368 Lucilius
1571 335 1614 368 to
1635 330 1704 370 the
1723 344 1836 370 same

165 380 284 420 effect
307 380 350 419 in
376 381 446 421 the
474 382 557 422 line
583 383 719 422 where
750 383 810 431 (as
838 384 992 435 quoted
1020 383 1077 435 by
1107 383 1211 423 Plin.
1246 388 1329 422 nat.
1361 382 1457 422 hist.
1488 384 1615 435 praef.
1657 386 1680 433 ξ
1712 386 1751 434 7)
1783 385 1836 424 he

164 447 278 486 says:
302 441 517 487 praeterea
543 443 601 476 est
627 437 827 489 quaedam
850 438 1018 489 publica
1045 437 1170 477 etiam
1200 437 1457 476 eruditorum
1486 437 1656 485 reiectio,
1699 439 1838 477 utitur

165 488 241 528 illa
272 495 311 529 et
337 491 401 530 M.
443 491 621 540 Tullius,
654 497 773 531 extra
800 505 958 530 omnem
986 492 1131 543 ingeni
1154 492 1285 530 aleam
1305 491 1482 542 positus,
1508 497 1558 537 et,
1580 492 1689 543 quod
1713 493 1832 532 mire-

163 555 273 590 mur,
295 549 377 595 per
398 545 638 585 advocatum
667 545 911 597 defenditur.
985 549 994 567 ‘
1009 559 1080 585 nec
1106 545 1347 584 doctissimis
1363 559 1375 583 :
1413 546 1614 584 Manium
1643 547 1834 585 Persium

161 596 258 636 haec
274 598 399 649 legere
417 600 518 647 nolo,
547 600 580 638 I
580 601 753 639 unium
786 600 1002 651 Congum
1021 599 1136 651 volo),
1159 599 1316 650 though
1339 599 1484 639 Cicero
1507 599 1550 638 in
1570 600 1745 652 quoting
1763 601 1834 640 the

161 663 273 690 same
293 652 378 692 line
403 653 456 692 de
485 666 544 692 or.
574 663 610 692 11
634 654 656 702 §
680 662 728 703 25
758 653 998 693 substitutes
1025 653 1217 693 Laelium
1246 653 1479 693 Decimum.
1542 654 1633 694 The
1661 667 1834 707 passage

160 704 195 744 is
224 706 356 745 worth
384 707 668 759 transcribing.
718 708 763 747 C.
793 708 995 753 Lucilius,
1029 708 1144 747 lzomo
1175 708 1311 746 doctus
1342 713 1381 747 et
1398 709 1677 759 perurbanus,
1710 709 1834 749 dicere

158 759 305 799 solebat
331 774 390 810 ea,
413 775 517 813 quae
543 763 736 810 scriberet,
763 775 890 813 neque
917 762 967 800 ab
996 761 1285 800 indoctissimis
1306 775 1346 800 se
1374 775 1496 814 neque
1523 763 1572 801 ab
1599 763 1833 802 doctissimis

158 813 240 865 legi
261 815 372 862 velle,
401 816 513 867 quod
535 817 659 856 alteri
680 816 795 855 nz'lcz'l
810 817 1092 868 intellegerent,
1113 816 1237 855 alteri
1250 817 1352 868 plus
1366 817 1548 868 fhrtasse
1569 831 1696 869 quam
1726 819 1806 869 ipse
1815 833 1832 864 ;

157 867 204 906 de
231 881 310 919 quo
338 869 464 908 etiam
496 870 661 922 scrispsit
687 870 919 910 Persium
947 884 1040 909 non
1067 883 1178 909 curo
1206 871 1360 922 legere
1371 884 1390 919 ;
1421 871 1489 910 liic
1515 872 1622 910 enim
1637 871 1745 924 fuit,
1785 878 1833 911 ut

157 934 368 969 noramus,
406 924 596 964 omnium
627 924 720 977 fere
764 930 995 964 nostrorum
1032 925 1251 964 hominum
1286 924 1538 964 doctissimus
1551 941 1564 966 .·
1600 927 1829 965 Laelium

156 976 415 1016 Decimum
438 979 525 1018 volo
538 993 556 1025 ;
582 992 699 1031 quem
718 979 972 1030 cognovimus
990 979 1134 1018 virum
1155 979 1304 1018 bonum
1327 985 1367 1018 et
1382 993 1466 1018 non
1486 980 1744 1026 illiteratum,
1764 981 1835 1020 sed

156 1030 272 1069 nihil
285 1032 344 1070 ad
356 1032 563 1080 Persium,
587 1033 638 1073 cf.
663 1033 715 1072 de
729 1033 800 1072 fin.
822 1043 838 1072 Ι
862 1034 883 1080 ἓ
907 1042 946 1082 7.
998 1033 1181 1073 Lucilius
1201 1033 1299 1072 then
1319 1034 1456 1073 would
1477 1034 1562 1073 like
1582 1040 1625 1073 to
1652 1035 1705 1074 be
1730 1035 1827 1074 read

155 1090 229 1124 not
256 1085 313 1137 by
334 1086 517 1126 scholars
537 1086 621 1126 like
645 1087 807 1126 Persius
828 1086 958 1135 (Brut.
990 1088 1012 1135 ξ
1035 1089 1104 1139 99)
1125 1101 1202 1127 nor
1227 1094 1297 1139 yet
1325 1088 1382 1139 by
1406 1088 1596 1128 illiterate
1622 1100 1728 1139 men,
1755 1090 1828 1129 but

154 1136 211 1189 by
230 1152 326 1179 men
345 1140 393 1180 of
413 1141 581 1193 general
600 1141 866 1180 information
885 1141 970 1182 like
998 1142 1169 1182 Iunius
1199 1142 1412 1194 Congus.

233 1242 324 1273 non
341 1235 748 1284 abhorrens]=etsi
778 1249 873 1275 non
902 1235 1205 1285 abhorream,
1237 1236 1289 1276 cf.
1320 1238 1341 1285 ἓ
1370 1236 1465 1288 781.
1494 1250 1557 1277 21.
1602 1237 1827 1289 confitear]

155 1285 224 1326 the
242 1288 500 1341 subjunctive
519 1290 553 1329 is
573 1290 652 1330 due
671 1297 715 1330 to
735 1291 1019 1338 assimilation‚
1041 1291 1111 1330 the
1132 1291 1231 1331 time
1250 1298 1323 1330 not
1343 1292 1468 1344 being
1487 1292 1712 1333 indefinite.

225 1344 1751 1441 mum
1781 1396 1825 1430 ut

151 1437 408 1478 mendacem.
466 1449 568 1478 MAN
576 1450 656 1479 UTI
663 1450 716 1480 us

231 1525 261 1564 1.
287 1529 325 1564 3.
380 1528 642 1573 perelegans
660 1530 706 1567 et
724 1527 1000 1578 persubtilis]
1039 1528 1152 1581 prius
1166 1529 1220 1568 ad
1240 1529 1418 1569 electum
1434 1531 1664 1580 verborum,
1688 1538 1823 1584 poste—

149 1577 232 1618 rius
259 1579 314 1618 ad
332 1580 620 1621 tractationem
639 1581 697 1621 rei
717 1583 907 1634 pertinet.
963 1592 1022 1622 w.

230 1676 262 1712 1.
282 1678 320 1714 4.
381 1678 645 1723 digna—vel
663 1680 808 1718 studio
827 1682 900 1718 vel
918 1679 1101 1729 pudore]
1137 1681 1148 1700 ‘
1160 1681 1386 1721 creditable
1400 1681 1511 1721 alike
1525 1687 1567 1722 to
1586 1682 1657 1722 the
1676 1683 1824 1735 kindly

149 1728 233 1767 and
251 1728 507 1770 honourable
525 1730 679 1784 feeling
706 1732 752 1771 of
773 1746 799 1772 a
823 1733 971 1786 knight
997 1735 1044 1773 of
1071 1733 1234 1774 Rome.’
1289 1739 1453 1783 equitis
1485 1737 1689 1788 Romani]
1721 1751 1822 1778 non-

149 1782 249 1822 dum
267 1785 519 1824 senatorium
538 1787 724 1826 ordinem
744 1788 919 1840 adeptus
938 1795 1024 1828 erat
1046 1789 1223 1830 Cassius.
1284 1800 1388 1830 MAN
1395 1800 1534 1830 UTIUS

227 1874 260 1912 1.
280 1877 321 1913 5.
374 1877 432 1914 ab
449 1875 539 1926 his]
568 1877 774 1925 δεικτικῶς,
794 1877 846 1919 cf.
863 1880 884 1928 ἓ
904 1877 952 1920 61
970 1879 998 1919 l.
1024 1893 1073 1931 14
1092 1894 1134 1920 n.

227 1967 257 2005 1.
282 1970 320 2005 6.
375 1968 642 2013 respondebo
671 1970 729 2006 ad.
751 1978 804 2007 ea
827 1978 941 2015 quae
973 1969 1143 2018 dixisti]
1171 1969 1252 2010 hoc
1281 1970 1405 2014 dicit:
1433 1971 1555 2012 Talia
1587 1979 1681 2013 sunt
1713 1987 1738 2014 a
1766 1980 1820 2020 te,

150 2019 279 2067 Cassi,
305 2019 429 2066 dicta,
456 2021 510 2059 ad
529 2033 636 2072 quae
657 2021 800 2061 Planci
826 2022 1077 2062 defendendi
1097 2037 1220 2063 causa
1245 2038 1330 2064 non
1349 2038 1453 2077 opus
1473 2032 1579 2067 esset
1606 2029 1732 2067 verbo
1760 2042 1820 2068 re-

149 2074 382 2126 spondere3
410 2087 553 2113 verum
581 2075 778 2127 quoniam
803 2075 936 2116 forma
963 2078 1160 2117 orationis
1189 2079 1392 2119 eiusmodi
1411 2080 1500 2130 fuit,
1524 2088 1569 2121 ut
1603 2082 1822 2134 diligenter

148 2129 202 2167 ab
234 2128 439 2167 iudicibus
467 2129 676 2177 audireris,
713 2130 933 2170 eruditioni
964 2137 1059 2171 tuae
1089 2132 1199 2172 hunc
1229 2134 1407 2173 tribuam
1437 2135 1652 2185 honorem,
1684 2143 1730 2176 ut
1759 2150 1818 2177 re-

148 2182 377 2235 spondeam
395 2182 448 2221 ad
469 2195 530 2232 ea,
555 2196 661 2235 quae
681 2183 833 2224 dixisti.
893 2194 950 2226 W.

226 2275 257 2312 1.
279 2278 314 2313 7.
373 2275 541 2317 (teipso
558 2273 645 2323 me]
676 2287 905 2325 pronomen
933 2275 1017 2327 ipse
1047 2277 1362 2328 pronominibus
1391 2279 1676 2330 personalibus
1704 2293 1819 2332 prae·

146 2327 247 2378 poni
266 2327 402 2375 debet,
428 2327 462 2366 si
494 2327 610 2366 notio
640 2329 896 2379 pronominis
926 2331 1007 2381 ipse
1031 2331 1265 2382 primariast
1295 2333 1476 2373 maxime
1504 2334 1700 2385 urgenda,
1725 2348 1819 2386 pro-

146 2394 299 2421 nomen
318 2387 456 2420 autem
476 2381 690 2432 personale
718 2383 951 2434 explicandi
980 2386 1269 2425 tantummodo
1297 2386 1554 2437 pronominis
1584 2387 1667 2438 ipse
1696 2401 1820 2428 causa

146 2435 333 2476 adicitur.
395 2435 601 2487 Exempla
631 2449 717 2475 rem
747 2437 1009 2488 patefacient.
1072 2439 1177 2479 Plin.
1212 2453 1277 2491 ep.
1321 2450 1376 2479 111
1408 2441 1481 2491 4§
1520 2454 1541 2491 3
1569 2441 1737 2493 factum
1763 2449 1821 2482 est

144 2495 312 2528 senatus
342 2490 674 2529 consultum—ut
703 2490 829 2529 darer
853 2492 1180 2542 provincialibus
1206 2499 1425 2544 patronus,
1459 2494 1498 2533 si
1524 2495 1573 2533 ab
1612 2495 1713 2546 ipso
1751 2510 1820 2536 me

146 2542 440 2594 impetrassent,
467 2543 554 2583 Cic.
580 2557 640 2582 or.
661 2544 704 2582 in
734 2544 814 2584 Pis.
839 2547 933 2595 §48
951 2546 989 2584 si
992 2546 1215 2598 familiam
1241 2553 1358 2586 tuam
1383 2548 1609 2596 dimisisses,
1634 2550 1744 2600 quod
1765 2552 1824 2589 ad

147 2598 350 2636 neminem
381 2597 471 2636 nisi
500 2597 559 2636 ad
597 2598 753 2649 ipsum
790 2604 833 2638 te
858 2600 1096 2650 pertineret,
1137 2602 1263 2640 amici
1287 2607 1324 2640 te
1359 2601 1428 2641 tui
1459 2602 1817 2654 constringendum

137 2656 350 2700 putarent,
391 2650 461 2691 i.e.
504 2651 560 2690 ad
593 2651 835 2691 neminem
876 2653 972 2692 nisi
999 2655 1060 2694 ad
1097 2668 1204 2694 eum
1246 2655 1417 2706 ipsum,
1449 2656 1532 2708 qui
1572 2656 1816 2697 familiam

146 2703 443 2753 demisisset,
476 2704 550 2744 i.e.
580 2706 639 2744 ad
667 2711 714 2745 te
742 2706 1033 2758 pertineret,
1064 2721 1123 2748 or.
1147 2721 1186 2760 p.
1213 2709 1352 2760 Ligar.
1381 2710 1404 2757 §
1430 2722 1496 2761 23,
1524 2723 1582 2750 or.
1607 2724 1650 2763 p.
1673 2712 1814 2752 Deiot.

146 2758 168 2804 ἕ
198 2758 237 2796 8.
294 2758 452 2798 Contra
471 2759 505 2798 si
523 2759 571 2798 de
590 2773 651 2798 me
669 2759 752 2810 ipso
777 2760 959 2810 dixisset,
983 2761 1266 2813 significasset,
1291 2764 1568 2815 expecta-visse
1586 2777 1630 2804 se
1649 2764 1748 2814 fore,
1772 2775 1817 2807 ut

147 2810 315 2852 Cassius
334 2812 387 2853 de
406 2812 497 2852 aliis
517 2813 753 2853 hominibus
774 2814 940 2864 diceret,
960 2828 1102 2855 verum
1122 2817 1174 2856 de
1194 2830 1236 2856 se
1256 2830 1331 2857 nce
1351 2817 1404 2858 de
1423 2817 1514 2858 aliis
1534 2818 1696 2860 dixisse.
1757 2831 1815 2860 w.

417 2959 429 2977 .
522 2921 569 2972 J
714 2924 898 3033 am!
969 2892 1145 2969 ltine
1227 2907 1484 3002 merob(
1547 2880 1718 2963 leffe
1781 2901 2024 3008 casem)

206 3046 655 3112 (56)ssqu
716 3015 909 3107 ΙΪΊΛ
1061 3039 1114 3075 ''-
1274 3007 2046 3084 SWQWDQ
