2046 3112
208 141 268 199 73
699 138 850 187 PRO
902 139 1010 188 CN.
1054 140 1389 190 PLANCIO
1557 138 1657 207 [1x
1691 142 1714 203 g
1741 158 1872 203 24—-

207 275 210 278 »
282 248 314 285 1.
335 250 398 285 14.
455 247 1048 297 quaesturae-tribunatus]
1076 247 1125 287 cf.
1149 247 1250 287 Intr.
1274 249 1295 296 ἕ
1313 257 1349 298 5.

284 329 313 367 1.
339 331 400 366 15.
460 327 544 376 1111]
574 340 630 367 sc.
652 327 847 378 equites
876 327 1101 367 Romani.

246 410 249 413 ’
282 409 312 444 1.
329 410 389 446 16.
450 409 675 445 consulere
694 408 845 445 liberis
865 406 973 455 suis]
996 407 1102 446 ‘that
1120 406 1217 458 they
1229 421 1335 449 were
1352 409 1582 463 advancing
1596 410 1666 451 the
1681 411 1871 451 interests

203 460 251 499 of
284 460 389 499 their
421 473 513 498 own
546 459 756 506 children,'
789 460 963 499 because
997 461 1066 501 the
1099 462 1304 501 elevation
1337 463 1384 501 of
1417 478 1441 503 a
1473 466 1658 504 member
1690 466 1736 504 of
1765 466 1871 504 their

202 514 296 553 ordo
326 521 368 553 to
402 514 472 552 the
498 513 741 565 Aedileship
772 514 910 553 would
942 515 995 553 be
1025 528 1050 554 a
1082 516 1304 567 precedent
1336 517 1419 556 and
1448 526 1791 571 encouragement
1825 526 1869 558 to

202 569 326 607 them.
391 567 456 608 Cf.
477 569 497 616 ἓ
519 567 618 622 891.
638 566 699 617 16,
724 569 815 622 §92
837 567 865 607 1.
887 580 951 619 31.

848 736 1135 776 CHAPTER
1169 737 1210 777 X

281 861 310 897 1.
337 862 396 898 17.
455 859 624 903 aliquid
652 856 903 905 attulimus]
938 856 1061 896 ‘have
1087 857 1348 897 contributed
1368 858 1632 912 something.'
1689 862 1751 911 Cf.
1778 863 1871 910 §20

201 911 228 951 1.
253 929 278 962 4
297 925 336 950 n.
374 912 638 951 ‘Necessario
667 911 925 962 temperavit,
952 911 1126 962 gratiam
1155 925 1271 950 suam
1298 925 1381 951 non
1410 913 1671 954 mediocriter
1702 916 1871 955 Plancio

202 966 414 1017 profuisse,
451 966 616 1017 quando
649 965 709 1003 vir
737 964 961 1003 consularis
990 966 1272 1004 testimonium
1302 967 1595 1007 beneficiorum
1625 969 1667 1008 in
1699 983 1741 1008 se
1775 983 1869 1009 con·

201 1021 378 1058 latorum
407 1020 627 1071 perhibens
650 1019 780 1070 (pro?)
803 1019 1024 1057 candidato
1050 1020 1224 1058 multum
1250 1026 1438 1071 potuerat
1459 1033 1714 1072 promovere.
1775 1025 1871 1063 Hoc

202 1087 300 1112 vero
319 1087 370 1112 ne
390 1080 496 1112 esset
523 1073 702 1112 insolens
729 1079 769 1111 et
795 1073 1030 1124 superbum,
1051 1073 1262 1125 praemisit
1288 1074 1593 1126 adlegationem
1615 1078 1871 1117 verecundae

202 1125 462 1167 timiditatis?
519 1137 783 1166 scH.AMBR.

280 1219 309 1256 1.
335 1222 394 1256 18.
456 1228 545 1257 non
574 1220 691 1256 enim
718 1220 874 1262 opibus
902 1217 1002 1267 ceti]
1032 1217 1095 1257 for
1116 1217 1149 1257 it
1167 1231 1253 1258 was
1277 1224 1350 1258 not
1375 1218 1432 1270 by
1449 1219 1584 1259 unsair
1611 1233 1753 1259 means
1781 1221 1870 1261 that

202 1269 223 1309 I
244 1272 414 1310 worked
433 1271 496 1310 for
515 1272 613 1311 him.

281 1347 483 1390 potentia
519 1347 595 1382 vix
635 1344 834 1393 ferenda]
887 1358 950 1397 cp.
996 1345 1048 1384 de
1088 1345 1155 1384 off.
1208 1355 1264 1385 111
1307 1347 1329 1394 §
1361 1345 1413 1396 36
1450 1352 1573 1398 opum
1613 1347 1865 1395 nimiarum,

193 1399 444 1450 potentiae
482 1412 577 1437 non
594 1399 806 1450 ferenda
817 1413 847 1447 e,
874 1399 1381 1458 rezgrnandi...cupiditales

280 1482 311 1518 1.
334 1483 397 1518 19.
453 1480 666 1528 beneficii]
695 1492 750 1518 sc.
779 1480 828 1518 in
854 1494 924 1519 me
952 1480 1140 1520 collati.

281 1565 312 1601 1.
334 1567 393 1602 20.
455 1566 679 1610 appellavi
705 1567 916 1611 populum
942 1565 1166 1614 tributim]
1207 1568 1216 1586 ‘
1231 1565 1252 1604 I
1282 1565 1470 1605 solicited
1495 1566 1566 1606 the
1587 1567 1740 1619 people
1765 1568 1871 1608 tribe

201 1617 258 1667 by
271 1615 417 1664 .tribe‚’
447 1617 550 1656 Intr.
581 1620 602 1665 ξ
627 1631 688 1657 12.
746 1618 811 1658 Cf.
839 1619 946 1657 Hor.
971 1619 1117 1661 Sat..11
1152 1632 1185 1667 1,
1212 1619 1263 1669 69
1285 1621 1486 1671 primores
1509 1622 1659 1672 populi
1687 1624 1874 1673 arripuit

193 1672 472 1722 populumque
502 1671 746 1719 tributim,
781 1672 861 1711 i.e.'
885 1673 1055 1723 singulis
1085 1687 1135 1712 ex
1165 1673 1350 1712 tribubus
1379 1687 1482 1725 quos
1511 1682 1672 1714 notaret
1699 1677 1866 1728 delegit,

201 1739 265 1776 ep.
302 1725 355 1763 ad
385 1727 476 1764 Att.
508 1735 555 1764 1V
591 1725 636 1764 16
666 1728 686 1774 ξ
717 1737 737 1776 7
767 1727 913 1777 populo
951 1727 1184 1766 tributim
1220 1728 1331 1767 domi
1364 1741 1461 1766 suae
1495 1729 1598 1767 satis
1620 1729 1776 1781 ficerat
1812 1744 1868 1771 sc.

200 1779 379 1818 nummis
399 1793 472 1831 per
491 1779 690 1819 divisores
708 1781 889 1819 tribuum
908 1780 1149 1821 distributis.

281 1869 312 1904 1.
334 1870 395 1905 21.
457 1869 640 1906 submisi
659 1877 728 1906 me
749 1870 794 1906 et·
814 1867 1077 1916 supplicavi]
1111 1881 1167 1907 sc.
1192 1869 1395 1919 populo,
1422 1869 1462 1908 ‘I
1490 1870 1801 1910 condescended
1828 1877 1872 1910 to

200 1920 373 1960 become
393 1934 417 1959 a
437 1919 674 1972 suppliant.'
709 1921 782 1960 Cf.
809 1922 924 1960 Lael.
942 1924 962 1969 ἓ
979 1934 1025 1971 72
1047 1922 1096 1970 ei,
1121 1922 1198 1973 qus·
1215 1923 1434 1974 superiores
1452 1930 1563 1970 sunt,
1583 1925 1872 1964 submittere

200 1989 240 2017 se
265 1975 403 2012 debent
437 1976 482 2012 in
520 1975 702 2013 amicilia
735 1975 809 2014 i.e.
845 1977 912 2014 ‘to
945 1976 1002 2014 let
1030 1976 1275 2015 themselves
1313 1975 1466 2024 down‚’
1501 1978 1567 2016 ‘to
1596 1978 1650 2017 be
1678 1977 1871 2019 modest.'

208 2031 217 2048 ‘
233 2028 545 2067 Admirabiliter
565 2042 640 2068 nec
666 2029 865 2068 humilem
892 2043 935 2069 se
961 2029 1056 2068 secit
1085 2030 1128 2069 in
1155 2030 1356 2082 precibus,
1382 2044 1458 2070 nec
1484 2037 1622 2071 tamen
1648 2033 1871 2083 plurimum

202 2084 405 2121 adiuvisse
438 2089 609 2121 testatus
640 2089 715 2121 est.
773 2083 842 2123 Sic
871 2090 911 2122 et
944 2097 1018 2135 pro
1049 2097 1119 2123 reo
1148 2084 1245 2122 satis
1273 2097 1418 2123 causae
1447 2085 1556 2133 facit,
1588 2092 1628 2124 et
1658 2087 1870 2137 dignitatis

202 2150 298 2176 suae
332 2144 574 2175 ornamenta
603 2137 794 2182 custodit,
829 2137 1033 2185 dicend03
1081 2151 1166 2176 non
1199 2138 1375 2177 defuisse
1408 2152 1548 2190 preces
1582 2153 1686 2185 suas,
1722 2142 1870 2192 quibus

201 2191 380 2243 populus
413 2191 641 2229 verecunde
674 2192 890 2230 obsecutus
928 2192 992 2238 sit,
1028 2192 1136 2231 ultro
1166 2205 1209 2231 se
1245 2192 1368 2231 etiam
1407 2193 1580 2232 offerens
1617 2194 1773 2244 gratiae
1811 2208 1870 2234 re-

201 2245 393 2284 ferendae
423 2245 476 2284 ad
506 2258 599 2283 eum
633 2245 938 2296 promptissime
971 2246 1283 2297 designandum,
1315 2246 1380 2285 cui
1408 2247 1470 2285 vir
1498 2253 1584 2286 tam
1613 2248 1718 2287 bene
1747 2249 1798 2287 de
1827 2262 1870 2288 re

201 2313 245 2352 p.
266 2299 433 2338 meritus
462 2297 776 2350 suffragaretur.’
833 2309 992 2338 SCHOL.
1013 2310 1157 2339 AMBR.

283 2377 401 2413 ultro
421 2376 745 2412 ase—offerentis
764 2374 937 2422 rogavi]
966 2376 986 2422 ‘g‘
1005 2372 1067 2420 26,
1088 2373 1114 2413 1.
1135 2386 1170 2422 3,
1193 2373 1335 2424 Quint.
1360 2373 1454 2414 inst.
1477 2388 1533 2415 or.
1559 2385 1629 2414 vn
1654 2388 1686 2423 1,
1712 2387 1764 2424 50
1784 2376 1870 2415 iam

202 2442 242 2467 se
266 2430 340 2466 illa
368 2429 433 2467 vel
456 2429 592 2466 ultro
617 2427 830 2480 offerent
854 2434 1113 2478 argumenta,
1141 2428 1231 2467 Liv.
1253 2438 1387 2467 XXVII
1409 2427 1473 2477 46,
1498 2442 1520 2479 3
1547 2430 1872 2481 offerentibus

204 2484 336 2522 ultro
373 2495 412 2520 se
441 2481 657 2529 militibus,
693 2482 834 2520 Plane.
870 2495 936 2532 ap.
970 2482 1056 2520 Cic.
1093 2495 1159 2534 ep.
1190 2482 1243 2521 ad
1272 2483 1368 2521 sam.
1397 2492 1429 2520 x
1460 2495 1521 2530 21,
1558 2497 1574 2522 1
1606 2485 1744 2522 omnia
1773 2485 1811 2523 ez·
1835 2491 1872 2524 el

196 2536 351 2588 petenti
374 2536 500 2586 recepi
529 2541 568 2574 et
593 2536 725 2575 ultro
748 2535 1006 2586 pollicitus
1033 2549 1139 2580 sum,
1170 2549 1235 2588 ep.
1260 2536 1312 2575 ad
1333 2537 1428 2575 fam.
1454 2546 1504 2575 XI
1527 2538 1565 2582 8,
1588 2549 1608 2574 2
1629 2539 1783 2576 Romae
1807 2539 1869 2576 de-

203 2592 325 2629 lectus
353 2590 534 2637 habetur,
565 2589 605 2627 si
628 2590 697 2628 liic
720 2589 887 2629 delectus
913 2590 1180 2640 appellandus
1207 2595 1274 2636 est,
1303 2603 1394 2628 cum
1423 2590 1554 2629 ultro
1579 2604 1625 2629 se
1650 2591 1871 2642 offerunt

204 2657 339 2683 omnes
379 2644 454 2682 i.e.
504 2643 644 2682 ‘when
679 2642 737 2682 all
775 2651 942 2695 present
987 2643 1232 2683 themselves
1277 2641 1533 2696 unpressed.'
1617 2645 1691 2684 Gr.
1738 2646 1868 2696 ἐπαγ-

204 2699 440 2747 Ὑέλλεσθαι.

284 2783 313 2819 1.
338 2783 402 2817 22.
448 2781 592 2818 valuit,
617 2789 750 2818 causa
771 2781 970 2826 rogandi,
991 2789 1080 2818 non
1099 2779 1266 2829 gratia]
1297 2778 1352 2819 ‘it
1372 2791 1456 2818 was
1474 2777 1546 2819 the
1564 2778 1719 2820 motive
1739 2779 1788 2820 of
1800 2794 1870 2833 my

206 2843 381 2887 request‚
401 2838 474 2872 not
494 2846 564 2884 my
582 2833 785 2873 influence
804 2834 942 2878 which
958 2832 1198 2885 prevailed.’
