2046 3112
223 154 286 199 30
644 136 720 184 M.
767 136 993 184 TVLLI
1035 136 1444 186 CICERONIS
1622 133 1794 204 [xxx
1819 153 1878 199 72

219 244 351 307 poris
377 261 524 293 causa
548 246 743 309 fingere.
817 243 1002 294 scilicet
1026 245 1179 294 homo
1212 245 1407 309 sapiens
1438 245 1709 312 excogitavi
1731 263 1879 310 quarn

219 328 284 375 ob
324 342 426 375 rem
468 325 659 375 viderer
700 326 926 376 maximis
963 326 1192 376 beneficii
1231 327 1406 377 vinclis
1448 328 1726 389 obstrictus,
1768 344 1880 378 curn

219 405 339 454 liber
369 420 529 453 essem
561 415 612 454 et
643 407 843 454 solutus.
916 405 1039 467 quid
1071 405 1242 454 enim?
1275 398 1396 454 mihi
1422 408 1488 455 ad
1511 408 1880 456 defendendum

221 485 474 534 Plancium
507 503 681 548 parum
714 488 911 545 multae,
938 503 1110 550 parum
1142 487 1299 537 iustae
1331 488 1720 539 necessitudines
1744 500 1883 540 erant

218 566 569 625 familiaritatis,
587 566 863 626 vicinitatis,
885 569 1035 630 patris
1059 568 1335 617 amicitiae?
1366 586 1492 632 quae
1516 569 1554 618 si
1580 586 1683 620 non
1702 583 1879 631 essent,
1930 597 1948 626 5

217 662 418 706 vererer,
444 648 608 706 credo,
635 663 697 695 ne
729 647 936 710 turpiter
965 650 1190 706 facerem,
1221 648 1261 697 si
1295 650 1394 698 hoc
1425 651 1687 713 splendore
1715 662 1765 702 et
1788 653 1881 701 hac

218 727 454 792 dignitate
478 728 728 777 hominem
755 729 1085 778 defenderem.
1147 731 1379 793 fingenda
1401 731 1522 780 mihi
1545 732 1635 781 fuit
1653 731 1881 782 videlicet

217 824 365 857 causa
394 819 639 870 peracuta,
665 819 718 857 ut
751 808 809 868 ei,
837 825 985 872 quem
1018 808 1139 858 mihi
1171 811 1354 859 debere
1385 822 1646 874 oporteret,
1672 828 1766 875 ego
1800 829 1881 861 me

218 891 385 939 omnia
414 893 596 940 debere
629 889 858 939 dicerem.
930 900 981 940 at
1004 891 1056 940 id
1081 890 1229 940 etiam
1262 891 1464 956 gregarii
1495 892 1673 942 milites
1697 891 1880 942 faciunt

216 971 366 1029 inviti,
384 981 436 1020 ut
461 988 696 1020 coronam
722 973 842 1020 dent
865 971 1072 1020 civicam
1098 982 1147 1021 et
1172 989 1224 1020 se
1256 975 1319 1022 ab
1344 972 1509 1036 aliquo
1535 983 1750 1043 servatos
1774 991 1879 1024 esse
1906 1005 1944 1026 10

217 1054 473 1113 fateantur,
499 1069 600 1101 non
633 1069 734 1115 quo
770 1062 910 1115 turpe
943 1052 1003 1102 sit
1040 1064 1320 1116 protectum
1353 1054 1404 1102 in
1436 1054 1542 1103 acie
1572 1071 1633 1103 ex
1664 1054 1879 1104 hostium

216 1132 441 1180 manibus
473 1132 781 1195 eripi—nam
817 1132 870 1182 id
901 1133 1126 1182 accidere
1158 1134 1251 1182 nisi
1281 1133 1395 1182 forti
1426 1132 1528 1182 viro
1561 1144 1610 1183 et
1641 1133 1881 1198 pugnanti

216 1212 490 1262 comminus
538 1230 640 1262 non
686 1223 931 1276 potest—,
980 1216 1069 1263 sed
1106 1231 1232 1263 onus
1273 1213 1502 1264 beneficii
1542 1215 1878 1276 reformidant,

129 1309 191 1355 73
214 1295 348 1357 quod
372 1312 694 1358 permagnum
720 1306 792 1343 est
811 1295 974 1344 alieno
999 1296 1180 1344 debere
1204 1296 1338 1345 idem
1354 1297 1489 1359 quod
1513 1296 1717 1359 parenti.
1769 1313 1876 1360 ego,

215 1391 327 1422 cum
366 1375 514 1423 ceteri
551 1391 666 1423 vera
702 1374 957 1436 beneficia,
1005 1375 1155 1424 etiam
1202 1376 1408 1436 minora,
1447 1375 1768 1438 dissimulent,
1815 1393 1880 1425 ne
1905 1405 1943 1435 15

216 1453 414 1517 obligati
451 1471 559 1503 esse
598 1453 870 1515 videantur,
915 1471 976 1504 eo
1018 1470 1098 1503 me
1145 1455 1388 1504 beneficio
1436 1456 1725 1505 obstrictum
1772 1471 1879 1505 esse

215 1536 469 1596 ementior,
495 1535 573 1583 cui
597 1552 660 1584 ne
684 1535 846 1584 referri
866 1535 1066 1599 quidem
1085 1535 1238 1599 gratia
1255 1553 1401 1600 posse
1416 1536 1667 1586 videatur?
1700 1553 1765 1584 an
1782 1538 1879 1585 hoc

215 1627 281 1674 tu,
301 1617 591 1675 Laterensis,
619 1616 844 1678 ignoras?
878 1616 963 1678 qui
987 1632 1100 1663 cum
1124 1616 1243 1664 mihi
1263 1633 1394 1665 esses
1410 1614 1747 1676 amicissimus,
1765 1632 1878 1664 cum

214 1699 291 1746 vel
326 1697 596 1760 periculum
619 1698 747 1747 vitae
782 1707 895 1746 tuae
928 1714 1123 1746 mecum
1156 1697 1344 1746 sociare
1371 1697 1622 1755 voluisses,
1649 1713 1762 1745 cum
1797 1712 1879 1745 me

214 1775 265 1824 in
304 1776 388 1824 illo
427 1775 550 1825 tristi
587 1785 636 1825 et
671 1778 850 1824 acerbo
891 1777 1026 1824 luctu
1064 1786 1213 1838 atque
1255 1775 1474 1824 discessu
1523 1791 1626 1824 non
1666 1774 1879 1823 lacrimis
1902 1787 1972 1830 20*

214 1858 373 1905 solum
410 1857 504 1906 tuis
540 1858 628 1906 sed
659 1856 825 1906 animo
856 1873 1061 1919 corpore
1094 1855 1250 1919 copiis
1280 1864 1566 1919 prosecutus
1591 1871 1738 1915 esses,
1763 1871 1878 1904 cum

216 1953 353 1986 meos
376 1937 556 1986 liberos
593 1946 642 1986 et
676 1952 878 1985 uxorem
914 1951 994 1984 me
1030 1936 1234 1984 absente
1269 1935 1365 1984 tuis
1398 1935 1576 1998 opibus
1600 1935 1879 1998 auxilioque

216 2018 533 2078 defendisses,
561 2018 630 2066 sic
663 2034 860 2066 mecum
893 2033 1086 2081 semper
1118 2017 1272 2080 egisti,
1305 2026 1354 2066 te
1384 2016 1505 2065 mihi
1536 2015 1782 2066 remittere
1813 2026 1882 2064 at·

215 2115 311 2162 que
326 2101 613 2158 concedere,
632 2108 686 2147 ut
705 2115 854 2147 omne
879 2115 1046 2147 meum
1065 2099 1284 2147 studium
1304 2097 1354 2146 in
1375 2100 1467 2148 Cn.
1488 2097 1674 2146 Plancii
1693 2098 1879 2146 honore

215 2196 567 2240 consumerem,
595 2181 732 2240 quod
767 2178 870 2227 eius
897 2178 950 2227 in
982 2194 1062 2228 me
1095 2178 1325 2227 meritum
1362 2176 1451 2227 tibi
1483 2178 1632 2227 etiam
1655 2177 1750 2240 ipsi
1780 2195 1881 2241 gra·
1903 2209 1942 2239 25

132 2274 194 2321 ¹74
217 2272 319 2310 tum
344 2278 452 2310 esse
476 2261 691 2310 dicebaS.
746 2260 866 2308 nihil
890 2270 1056 2309 autem
1081 2277 1161 2309 me
1185 2259 1315 2320 novi,
1335 2259 1457 2307 nihil
1473 2258 1706 2322 temporis
1731 2274 1880 2307 causa

216 2342 393 2401 dicere,
410 2357 578 2390 nonne
602 2339 750 2389 etiam
776 2350 847 2389 est
867 2340 949 2388 illa
972 2340 1110 2389 testis
1134 2338 1304 2399 oratio,
1325 2355 1454 2402 quae
1478 2348 1551 2388 est
1569 2355 1599 2387 a
1615 2346 1697 2387 'me
1722 2338 1880 2401 prima

217 2423 385 2472 habita
406 2422 457 2470 in
482 2423 686 2470 senatu?
720 2420 771 2468 in
796 2435 894 2481 qua
918 2437 1030 2468 cum
1063 2419 1321 2483 perpaucis
1353 2419 1645 2468 nominatim
1670 2419 1879 2481 egissem

217 2502 407 2566 gratias,
435 2502 572 2565 quod
601 2517 774 2550 omnes
811 2500 1085 2550 enumerari
1119 2502 1256 2549 nullo
1285 2500 1439 2549 modo
1476 2509 1694 2562 possent,
1723 2500 1880 2548 scelus

219 2593 383 2631 autem
407 2592 536 2632 esset
567 2597 868 2644 quemquam
899 2579 1159 2643 praeteriri,
1187 2580 1564 2642 statuissemque
1598 2595 1684 2628 eos
1720 2580 1877 2628 solum
1900 2610 1942 2638 30

220 2663 489 2720 nominare,
514 2662 599 2725 qui
634 2671 830 2710 nostrae
865 2676 1042 2708 causae
1077 2661 1228 2709 duces
1263 2670 1313 2709 et
1348 2658 1489 2723 quasi
1524 2659 1736 2722 signiferi
1769 2658 1880 2708 fuis—

222 2752 343 2801 sent,
369 2742 420 2789 in
443 2741 519 2790 his
547 2740 748 2788 Plancio
771 2738 946 2801 gratias
963 2739 1052 2802 egi.
1093 2739 1321 2788 recitetur
1338 2738 1508 2797 oratio,
1530 2754 1656 2800 quae
1681 2748 1879 2801 propter

220 2821 289 2871 rei
312 2820 698 2884 magnitudinem
725 2819 857 2869 dicta
886 2819 951 2868 de
975 2817 1155 2882 scripto
1180 2827 1275 2868 est:
1309 2815 1362 2866 in
1386 2833 1484 2881 qua
1514 2833 1606 2881 ego
1630 2818 1783 2866 homo
1805 2833 1878 2866 as-

2041 1706 2046 1719 -.
2040 1664 2046 1679 *a
2039 1409 2046 1647 *Q
2039 1257 2046 1395 -l—-fi-›-
2038 1133 2046 1244 .-—-—
2042 1059 2046 1114 ..ἐξ
2037 734 2046 1041 -ᾼῌ-Α,
2043 652 2046 662 -
2041 567 2046 577 -
