2046 3112
92 160 276 208 XVIII
304 155 389 224 44]
458 159 608 208 PRO
660 158 769 207 CN.
805 158 1138 207 PLANCIO
1189 156 1469 206 ORATIO
1696 170 1749 215 17

92 266 233 325 dinis,
271 281 303 314 v
345 273 394 314 et
435 280 540 313 Lxx
577 281 686 314 reus
723 263 939 324 reiceret,
978 279 1007 312 L
1041 265 1250 323 referret,
1290 262 1554 325 omniaque
1590 262 1753 326 potius

92 346 493 411 permiscuerunt,
538 363 686 409 quam
726 346 770 394 ei
809 345 902 409 legi
938 344 1318 406 condicionique
1359 354 1616 408 parerent:
1664 362 1754 394 nos

93 444 252 491 neque
289 444 348 476 ex
388 428 591 476 delectis
633 427 891 487 iudicibus,
935 427 1023 476 sed
1065 443 1127 475 ex
1168 426 1306 475 omni
1351 429 1551 490 populo,
1594 445 1756 490 neque

93 508 252 557 editos
280 509 345 556 ad
376 507 692 568 reiciendum,
721 509 808 557 sed
841 509 904 556 ab
936 517 1219 557 accusatore
1248 508 1539 557 constitutos
1570 508 1757 557 iudices

51 610 68 640 5
94 588 160 637 ita
191 591 415 647 feremus,
443 598 495 638 ut
529 588 777 638 neminem
810 588 1102 637 reiciamus?
1171 606 1331 652 neque
1356 606 1448 652 ego
1481 606 1614 638 nunc
1639 590 1757 652 legis
1780 588 1843 634 42

91 668 398 731 iniquitatem
425 688 614 733 queror,
642 673 730 720 sed
761 672 942 718 factum
974 679 1111 718 tuum
1136 687 1165 718 a
1190 670 1432 719 sententia
1455 669 1573 734 legis
1600 671 1758 719 doceo

94 751 393 813 discrepare:
431 761 478 800 et
510 752 631 801 illud
663 754 894 801 acerbum
931 751 1167 800 iudicium
1201 751 1254 809 si,
1282 768 1430 814 quem
1459 753 1523 800 ad
1554 753 1759 800 modum

94 841 289 880 senatus
326 833 516 880 censuit
556 834 866 895 populusque
906 831 1056 891 iussit,
1096 831 1163 880 ita
1209 831 1418 892 fecisses,
1462 842 1516 881 ut
1557 832 1672 880 huic
1712 842 1761 880 et

95 928 234 959 suam
274 922 322 961 et
358 914 421 960 ab
460 914 555 960 hoc
593 915 875 961 observatas
916 913 1068 961 tribus
1111 913 1295 972 ederes,
1332 929 1433 960 non
1470 914 1624 962 modo
1660 930 1762 962 non

35 1019 76 1040 ιο
98 990 334 1057 quererer,
381 995 469 1042 sed
510 995 642 1042 hunc
680 994 749 1042 eis
791 993 1034 1042 iudicibus
1078 993 1236 1054 editis,
1276 993 1362 1056 qui
1409 994 1571 1043 eidem
1613 1003 1761 1044 testes

97 1092 204 1124 esse
235 1085 449 1138 possent,
477 1077 754 1124 absolutum
787 1084 1032 1137 putarem:
1075 1091 1236 1137 neque
1270 1093 1404 1124 nunc
1435 1076 1591 1123 multo
1621 1091 1763 1123 secus

96 1155 332 1204 existimo.
387 1171 519 1203 cum
545 1154 677 1203 enim
701 1156 788 1203 has
822 1154 975 1203 tribus
1009 1155 1217 1214 edidisti,
1243 1155 1421 1218 ignotis
1446 1165 1494 1204 te
1517 1154 1764 1204 iudicibus

95 1236 166 1290 uti
191 1238 335 1284 malle
361 1253 507 1299 quam
533 1236 662 1285 notis
687 1235 984 1297 indicavisti,
1010 1235 1172 1298 fugisti
1197 1237 1490 1285 sententiam
1515 1236 1633 1298 legis
1646 1254 1659 1296 ,·
1690 1253 1766 1285 ae-

97 1316 333 1379 quitatem
367 1333 566 1366 omnem
599 1316 831 1377 reiecisti3
865 1316 915 1364 in
941 1316 1155 1364 tenebris
1181 1333 1330 1378 quam
1355 1316 1404 1363 in
1429 1318 1539 1365 luce
1566 1332 1765 1364 causam

38 1420 75 1448 ιε
97 1396 275 1445 versari
309 1395 534 1445 maluisti.
607 1395 829 1444 Voltinia
863 1395 1018 1444 tribus
1059 1397 1121 1444 ab
1158 1396 1254 1444 hoc
1290 1405 1540 1458 corrupta,
1583 1396 1765 1444 Tereti-
1789 1395 1851 1442 43

98 1494 213 1525 nam
238 1478 476 1525 habuerat
499 1478 738 1526 venalem.
812 1475 932 1539 quid
958 1475 1140 1525 diceret
1172 1477 1306 1539 apud
1330 1476 1650 1525 Voltiniensis
1683 1486 1767 1524 aut

98 1561 235 1622 apud
276 1558 463 1608 tribulis
502 1575 616 1607 suos
657 1557 883 1606 iudices?
934 1557 1089 1606 immo
1129 1575 1246 1607 vero
1287 1567 1341 1606 tu
1382 1558 1503 1621 quid
1545 1559 1768 1608 diceres?

99 1655 249 1701 quem
282 1638 497 1687 iudicem
534 1655 593 1687 ex
623 1638 717 1686 illis
750 1647 833 1686 aut
866 1637 1069 1686 tacitum
1102 1647 1278 1687 testem
1302 1639 1508 1687 haberes
1544 1649 1628 1687 aut
1652 1655 1767 1687 vero

101 1719 249 1768 etiam
274 1717 537 1767 excitares?
603 1717 784 1766 etenim
810 1716 849 1765 si
873 1733 984 1765 reus
1008 1717 1160 1766 tribus
1186 1718 1366 1776 ederet,
1385 1718 1655 1767 Voltiniam
1679 1720 1770 1767 for-

39 1823 79 1843 20
102 1810 230 1867 tasse
268 1799 497 1847 Plancius
532 1808 732 1862 propter
759 1798 1177 1847 necessitudinem
1206 1816 1264 1847 ac
1286 1798 1601 1859 vicinitatem,
1629 1818 1769 1849 suam

99 1898 217 1930 vero
255 1890 386 1930 certe
423 1879 670 1929 edidisset.
743 1889 805 1940 et,
833 1881 873 1929 si
899 1881 1145 1944 quaesitor
1176 1881 1293 1930 huic
1323 1883 1547 1930 edendus
1583 1882 1766 1941 fuisset,

102 1978 252 2026 quem
274 1962 477 2010 tandem
502 1961 667 2024 potius
692 1978 842 2024 quam
865 1962 999 2011 hunc
1024 1963 1079 2011 C.
1102 1963 1300 2022 Alfium,
1328 1979 1477 2025 quem
1502 1964 1664 2024 habet,
1692 1965 1771 2013 cui

102 2043 385 2094 notissimus
410 2060 516 2092 esse
541 2044 704 2104 debet,
730 2044 962 2101 vicinum,
989 2044 1230 2103 tribulem,
1256 2044 1595 2108 gravissimum
1615 2048 1770 2095 homi-

103 2143 219 2175 nem
243 2126 660 2189 iustissimumque
692 2126 955 2175 edidisset?
987 2126 1123 2175 cuius
1149 2126 1348 2189 quidem
1379 2128 1600 2190 aequitas
1634 2138 1681 2177 et
1715 2146 1772 2177 ea

0 2251 1 2261 ,
43 2228 83 2257 25
105 2210 330 2256 voluntas
356 2225 468 2270 erga
494 2209 583 2257 Cn.
614 2207 802 2257 Plancii
834 2210 1056 2266 salutem,
1084 2226 1233 2271 quam
1263 2209 1343 2258 ille
1373 2210 1478 2259 sine
1510 2212 1609 2258 ulla
1640 2211 1772 2273 cupi-

104 2287 268 2336 ditatis
316 2287 596 2351 suspicione
642 2305 760 2351 prae
802 2304 853 2336 se
890 2290 994 2347 fert,
1038 2288 1179 2337 facile
1223 2290 1438 2338 declarat
1480 2307 1582 2338 non
1624 2291 1771 2338 fuisse

103 2369 363 2432 fugiendos
409 2369 598 2418 tribulis
639 2369 754 2417 huic
794 2369 998 2430 iudices,
1041 2370 1120 2418 cui
1167 2370 1496 2432 quaesitorem
1544 2371 1770 2420 tribulem

104 2450 441 2511 exoptandum
493 2449 642 2497 fuisse
693 2448 914 2498 videatis.
914 2470 973 2538 ‚s
1009 2451 1195 2498 XVIII
1266 2466 1429 2512 neque
1488 2467 1580 2513 ego
1640 2469 1772 2501 nunc
1795 2450 1860 2497 44

105 2527 363 2577 consilium
402 2529 710 2590 reprehendo
756 2538 910 2589 tuum,
949 2530 1088 2590 quod
1129 2546 1211 2578 eas
1250 2529 1417 2589 tribus,
1456 2531 1635 2593 quibus
1671 2542 1772 2581 erat

45 2630 86 2660 30
105 2609 186 2658 hic
220 2609 431 2658 maxime
467 2619 629 2668 notus,
666 2626 768 2658 non
803 2609 1030 2668 edideris,
1059 2611 1146 2659 sed
1175 2627 1204 2659 a
1233 2620 1282 2659 te
1317 2612 1476 2659 doceo
1513 2612 1772 2661 consilium

106 2707 206 2739 non
241 2700 483 2740 servatum
511 2701 725 2740 senatus.
795 2691 976 2740 etenim
1010 2692 1118 2755 quis
1142 2702 1190 2742 te
1216 2702 1320 2741 tum
1354 2693 1546 2742 audiret
1580 2693 1774 2743 illorum

106 2779 190 2818 aut
236 2769 357 2832 quid
403 2770 627 2819 diceres?
718 2781 1085 2834 sequestremne
1135 2772 1428 2820 Plancium?
1490 2784 1773 2836 respuerent

106 2867 260 2912 aures,
303 2867 451 2901 nemo
498 2862 799 2915 agnosceret,
839 2839 1166 2917 repudiarent.
1261 2870 1324 2902 an
1360 2853 1662 2916 gratiosum?
1705 2855 1773 2904 illi

252 2956 312 2998 H.
1598 2963 1624 2988 ν

1595 2987 1624 2999 fl
