2046 3112
234 161 294 191 20
408 103 411 107 *
653 142 730 189 M.
776 140 999 189 TVLLI
1043 138 1452 188 CICERONIS
1677 133 1797 202 [XX
1822 152 1884 198 49

229 259 366 300 eatae
391 249 557 308 tribus,
583 250 735 297 latum
769 247 1063 310 suffragium,
1090 245 1315 295 diribitae
1340 246 1545 301 tabellae,
1561 242 1887 293 renuntiatae:

229 332 374 393 longe
396 330 656 393 plurimum
681 328 829 377 valuit
855 325 1107 376 Plancius:
1136 328 1269 374 nulla
1287 325 1552 388 largitionis
1572 342 1663 374 nec
1681 324 1769 373 fuit
1795 341 1887 373 nec

228 426 336 459 esse
359 409 520 473 potuit
545 408 769 472 suspicio.
809 408 891 456 ain
923 408 1156 456 tandem?
1191 422 1289 454 una
1313 404 1531 454 centuria
1558 405 1890 468 praerogativa

227 498 417 538 tantum
460 490 609 537 habet
655 487 969 546 auctoritatis,
1012 495 1066 535 ut
1107 502 1256 534 nemo
1302 501 1537 548 umquam
1579 501 1687 533 eam
1728 485 1889 534 tulerit

228 570 346 632 quin
380 569 692 618 renunciatus
729 570 789 617 sit
822 578 904 617 aut
937 568 1006 617 eis
1042 568 1158 631 ipsis
1194 566 1404 615 comitiis
1435 567 1564 629 prior
1599 568 1771 615 consul
1806 576 1890 614 aut
1936 595 1954 624 5

226 660 356 700 certe
381 650 431 698 in
456 651 593 698 illum
618 666 827 698 annum:
863 650 1074 698 aedilem
1100 658 1152 697 tu
1179 647 1435 696 Plancium
1464 650 1647 696 sactum
1672 664 1779 696 esse
1803 646 1890 695 mi-

224 730 355 789 raris,
381 729 431 777 in
457 746 555 791 quo
588 746 688 777 non
722 729 897 791 exigua
924 745 1034 791 pars
1065 727 1248 790 populi,
1276 729 1364 776 sed
1395 726 1645 776 universus
1680 729 1890 790 populus

222 810 528 857 voluntatem
570 825 709 856 suam
748 808 1042 856 declararit?
1090 807 1227 855 cuius
1274 806 1325 855 in
1371 808 1557 855 honore
1603 823 1705 855 non
1745 807 1890 856 unius

224 889 375 938 tribus
405 906 530 952 pars,
568 890 657 938 sed
692 889 892 937 comitia
926 898 1032 937 tota
1064 887 1275 936 comitiis
1311 887 1486 936 fuerint
1521 887 1891 950 praerogativa?

138 977 198 1024 50
225 987 323 1033 quo
359 971 559 1032 quidem
595 980 831 1033 tempore,
867 969 1158 1028 Laterensis,
1191 969 1231 1018 si
1266 969 1317 1017 id
1352 971 1510 1018 facere
1534 970 1769 1018 voluisses
1804 981 1888 1018 aut
1914 997 1953 1016 10

221 1052 262 1099 si
301 1051 548 1113 gravitatis
589 1068 696 1100 esse
736 1062 959 1114 putasses
1002 1061 1128 1112 tuae,
1171 1052 1306 1113 quod
1342 1051 1482 1100 multi
1517 1038 1707 1100 nobiles
1742 1067 1889 1114 saepe

221 1135 453 1192 fecerunt,
480 1143 547 1192 ut,
574 1150 686 1181 cum
712 1134 875 1181 minus
898 1132 1163 1182 valuissent
1188 1132 1423 1196 suffragiis
1448 1149 1596 1195 quam
1621 1142 1887 1196 putassent,

222 1223 394 1275 postea
423 1213 626 1275 prolatis
659 1212 871 1261 comitiis
902 1221 1266 1275 prosternerent
1298 1229 1349 1261 se
1375 1222 1423 1261 et
1447 1214 1631 1275 populo
1658 1214 1888 1260 Romano

221 1296 374 1343 fracto
417 1293 583 1342 animo
626 1304 773 1356 atque
813 1294 987 1342 humili
1034 1293 1377 1356 supplicarent,
1418 1311 1520 1342 non
1561 1294 1735 1342 dubito
1771 1293 1887 1356 quin

219 1376 380 1426 omnis
415 1377 479 1424 ad
516 1385 564 1424 te
599 1392 894 1424 conversura
922 1375 1067 1423 fuerit
1102 1375 1380 1423 multitudo.
1452 1391 1724 1437 numquam
1757 1374 1886 1423 enim
1914 1402 1951 1432 15

219 1459 318 1507 fere
353 1457 596 1517 nobilitas,
627 1457 815 1521 integra
849 1457 1133 1520 praesertim
1168 1467 1317 1519 atque
1351 1457 1605 1517 innocens,
1639 1474 1669 1505 a
1702 1459 1890 1519 populo

221 1542 452 1588 Romano
489 1540 694 1601 supplex
728 1538 986 1601 repudiata
1021 1547 1107 1587 est.
1182 1540 1271 1587 sed
1303 1538 1343 1587 si
1375 1538 1464 1587 tibi
1494 1538 1703 1602 gravitas
1733 1548 1816 1586 tua
1839 1548 1888 1586 et

220 1619 507 1682 magnitudo
542 1619 694 1667 animi
729 1619 878 1682 pluris
922 1619 1026 1679 fuit,
1067 1619 1210 1668 sicuti
1234 1626 1359 1668 'esse
1400 1617 1583 1680 debuit,
1629 1635 1779 1681 quam
1814 1635 1890 1667 ae-

220 1700 394 1759 dilitas,
433 1699 550 1759 noli,
585 1717 697 1748 cum
730 1701 913 1749 habeas
951 1700 1018 1757 id,
1050 1701 1186 1762 quod
1226 1699 1469 1758 malueris,
1502 1699 1780 1748 desiderare
1819 1699 1885 1760 id,

219 1781 354 1842 quod
385 1780 587 1828 minoris
622 1779 819 1842 putaris.
893 1780 1125 1842 equidem
1156 1779 1368 1842 primum
1403 1789 1457 1828 ut
1490 1780 1678 1828 honore
1712 1779 1887 1842 dignus
1910 1807 1950 1827 20
2043 1841 2046 1848 ⁴

219 1878 377 1909 essem
419 1861 633 1910 maxime
674 1877 868 1924 semper
914 1861 1161 1922 laboravi3
1213 1862 1431 1910 secundo
1467 1869 1522 1909 ut
1563 1860 1887 1923 existimarer;
1947 1888 1954 1892 κ
2042 1857 2046 1919 Ξ

217 1943 414 1992 tertium
455 1942 576 1990 mihi
617 1941 705 1991 fuit
742 1942 877 2002 illud,
921 1943 1058 2005 quod
1103 1943 1350 2006 plerisque
1395 1942 1608 2005 primum
1654 1952 1741 2002 est,
1781 1942 1886 2005 ipse

217 2025 391 2084 honos,
430 2025 514 2087 qui
548 2022 617 2072 eis
649 2024 864 2086 denique
889 2025 1038 2073 debet
1071 2041 1178 2073 esse
1206 2023 1463 2084 iucundus,
1491 2040 1700 2086 quorum
1733 2023 1886 2087 digni-

216 2103 304 2153 tati
339 2106 552 2167 populus
587 2105 846 2152 Romanus
882 2103 1234 2164 testimonium,
1268 2121 1372 2153 non
1405 2103 1700 2153 beneficium
1735 2104 1886 2153 ambi-

219 2185 341 2234 tioni
367 2186 518 2234 dedit.
1908 2207 1946 2235 25

131 2275 189 2321 51
319 2268 447 2315 XXI
518 2267 725 2328 Quaeris
758 2267 921 2330 etiam,
961 2267 1254 2330 Laterensis,
1292 2269 1411 2332 quid
1441 2267 1733 2332 imaginibus
1770 2268 1879 2325 tuis,

216 2348 336 2411 quid
377 2348 686 2397 ornatissimo
721 2359 868 2412 atque
908 2350 1097 2413 optimo
1132 2351 1249 2408 viro,
1287 2350 1412 2414 patri
1446 2360 1548 2408 tuo,
1582 2351 1882 2412 respondeas

217 2438 424 2478 mortuo.
496 2429 600 2478 noli
631 2429 724 2478 ista
754 2430 995 2490 meditari,
1022 2441 1171 2495 atque
1202 2432 1324 2480 illud
1356 2448 1474 2480 cave
1501 2430 1678 2493 potius,
1702 2446 1767 2479 ne
1798 2439 1883 2478 tua

215 2510 309 2558 ista
337 2512 554 2573 querella
585 2512 826 2574 dolorque
855 2511 1034 2561 nimius
1059 2514 1124 2562 ab
1155 2513 1248 2562 illis
1282 2511 1652 2576 sapientissimis
1674 2511 1787 2560 viris
1811 2528 1882 2560 re-

217 2590 555 2651 prehendatur.
627 2589 749 2639 vidit
773 2590 906 2639 enim
939 2601 1077 2654 pater
1101 2601 1212 2641 tuus
1238 2592 1458 2656 Appium
1485 2592 1763 2651 Claudium,
1791 2609 1878 2641 no·
1905 2613 1945 2643 30

218 2671 504 2720 bilissimum
539 2673 806 2734 hominem,
831 2673 944 2722 vivo
975 2683 1114 2736 patre
1145 2691 1250 2734 suo,
1278 2672 1618 2737 potentissimo
1650 2682 1699 2722 et
1723 2673 1880 2722 claris-

218 2750 343 2801 simo
358 2751 463 2811 civi,
483 2755 538 2802 C.
555 2753 781 2815 Claudi0‚
798 2754 1011 2804 aedilem
1030 2772 1131 2804 non
1151 2772 1257 2805 esse
1275 2758 1457 2806 factum
1477 2764 1526 2805 et
1544 2756 1758 2804 eundem
1774 2755 1881 2804 sine

217 2836 413 2899 repulsa
447 2837 630 2884 factum
659 2852 766 2887 esse
794 2839 1070 2887 consulem:
1110 2837 1233 2888 vidit
1263 2838 1516 2888 hominem
1547 2836 1641 2887 sibi
1668 2835 1879 2886 maxime

2042 1777 2046 1819 1
