2046 3112
134 171 356 220 XXXVI
378 170 459 239 87]
522 175 673 224 PRO
715 176 823 224 CN
861 175 1195 225 PLANCIO
1236 174 1515 224 ORATIO
1737 187 1798 237 35

133 298 324 347 magna,
350 285 487 347 quod
522 301 689 333 meum
727 285 1012 343 discessum,
1053 301 1202 347 quem
1239 300 1387 347 saepe
1423 283 1642 343 desieras,
1670 300 1801 332 nunc

132 362 270 424 quasi
310 364 668 426 reprehendere
711 374 760 414 et
801 365 1123 413 subaccusare
1162 363 1371 413 voluisti.
1462 362 1626 412 dixisti
1667 363 1800 411 enim

131 459 232 491 non
257 443 492 491 auxilium
517 444 652 505 mihi,
681 446 768 494 sed
794 462 871 494 me
897 445 1078 493 auxilio
1105 444 1333 494 defuisse.
1388 460 1480 508 ego
1504 460 1620 492 vero
1645 445 1802 493 fateor

130 538 224 582 me,
251 525 387 586 quod
411 525 616 574 viderim
643 526 762 574 mihi
795 526 1028 574 auxilium
1061 542 1163 574 non
1197 527 1383 586 deesse,
1414 524 1598 573 idcirco
1628 541 1707 572 me
1732 524 1801 573 illi

90 604 309 660 5auxilio
346 606 635 668 pepercisse.
710 606 793 670 qui
830 606 962 655 enim
1000 615 1166 665 status,
1195 607 1329 669 quod
1366 605 1642 666 discrimen,
1673 622 1800 668 quae

129 684 271 734 suerit
301 685 351 733 in
382 703 433 735 re
465 688 664 749 publica
694 697 961 750 tempestas
993 687 1076 735 illa
1106 686 1216 750 quis
1249 686 1442 735 nescit?
1510 685 1799 735 tribunicius

128 783 208 816 me
241 776 394 817 terror
429 787 492 818 an
525 769 794 818 consularis
824 771 957 818 furor
988 769 1172 818 movit?
1241 770 1493 818 decertare
1517 768 1638 817 mihi
1674 769 1799 818 ferro

129 863 364 910 magnum
396 850 486 898 fuit
515 867 626 898 cum
660 849 875 913 reliquiis
905 867 1089 910 eorum,
1117 867 1243 913 quos
1279 867 1372 913 ego
1397 849 1615 899 florentis
1652 858 1800 913 atque

127 928 341 992 integros
367 930 471 979 sine
496 932 623 980 ferro
641 931 883 980 viceram?
942 933 1169 980 consules
1194 941 1307 994 post
1331 931 1591 980 hominum
1616 947 1801 981 memo-

70 1035 109 1056 ιο
128 1009 249 1058 riam
275 1011 538 1060 taeterrimi
569 1021 718 1074 atque
751 1011 1033 1074 turpissimi,
1061 1011 1186 1060 sicut
1219 1021 1268 1060 et
1300 1012 1382 1060 illa
1414 1011 1652 1075 principia
1675 1021 1724 1073 et
1749 1012 1800 1061 hi

127 1102 350 1143 recentes
384 1110 546 1142 rerum
583 1093 742 1142 exitus
777 1094 1098 1152 declararunt,
1127 1110 1336 1155 quorum
1373 1096 1497 1142 alter
1531 1093 1799 1142 exercitum

126 1173 355 1234 perdidit,
383 1175 504 1222 alter
526 1174 765 1233 vendidit,
794 1174 972 1237 emptis
996 1174 1261 1237 provinciis
1286 1191 1314 1222 a
1341 1183 1528 1232 senatu,
1551 1190 1580 1221 a
1603 1190 1654 1222 re
1679 1175 1799 1237 pub-

125 1252 230 1314 lica,
250 1271 279 1301 a
304 1254 446 1303 bonis
473 1254 703 1303 omnibus
723 1256 1029 1304 defecerant:
1067 1255 1150 1318 qui
1176 1255 1404 1316 exercitu,
1423 1255 1507 1318 qui
1532 1255 1693 1316 armis,
1715 1254 1799 1319 qui

126 1335 302 1397 opibus
337 1334 603 1398 plurimum
638 1344 880 1397 poterant,
920 1351 1034 1383 cum
1077 1334 1198 1397 quid
1241 1334 1476 1383 sentirent
1515 1334 1795 1394 nesciretur,

67 1439 105 1468 15
124 1415 304 1464 furialis
329 1415 411 1463 illa
426 1432 534 1476 vox,
555 1414 751 1463 nefariis
778 1415 970 1478 stupris,
991 1414 1227 1478 religiosis
1247 1414 1479 1463 altaribus
1499 1414 1793 1473 effeminata,

125 1510 293 1543 secum
332 1505 381 1544 et
421 1496 530 1544 illos
567 1504 616 1544 et
651 1497 879 1545 consules
914 1497 1074 1545 facere
1116 1496 1431 1545 acerbissime
1467 1498 1794 1559 personabat:

125 1585 325 1639 egentes
360 1575 412 1623 in
446 1575 719 1638 locupletis,
757 1575 935 1638 perditi
982 1576 1033 1623 in
1080 1577 1255 1634 bonos,
1297 1576 1421 1625 servi
1467 1575 1519 1623 in
1561 1575 1822 1625 dominos·

122 1659 447 1706 armabantur.
521 1667 572 1706 at
603 1666 706 1706 erat
738 1674 935 1706 mecum
966 1667 1164 1706 senatus
1199 1667 1248 1706 et
1285 1658 1488 1720 quidem
1523 1666 1658 1706 veste
1695 1674 1797 1705 mu-
1821 1664 1883 1713 87

35 1795 38 1798 ‚
123 1747 238 1798 tata,
266 1739 403 1800 quod
438 1755 527 1800 pro
562 1755 643 1787 me
680 1755 782 1787 uno
820 1747 932 1801 post
971 1738 1230 1786 hominum
1266 1738 1557 1787 memoriam
1594 1739 1796 1801 publico

61 1843 104 1865 ρο
125 1818 331 1867 consilio
357 1828 638 1881 susceptum
662 1828 764 1869 est:
811 1819 899 1867 sed
934 1820 1192 1868 recordare
1222 1819 1306 1882 qui
1336 1828 1441 1867 tum
1473 1819 1652 1868 fuerint
1677 1837 1794 1868 con-

123 1902 284 1948 sulum
310 1899 511 1949 nomine
535 1901 717 1959 hostes,
744 1900 829 1963 qui
865 1900 955 1949 soli
985 1901 1035 1948 in
1064 1901 1156 1948 hac
1185 1901 1305 1950 urbe
1343 1910 1570 1950 senatum
1605 1902 1792 1950 senatui

122 1996 291 2043 parere
322 1996 425 2028 non
457 1980 638 2041 sierint,
665 1980 928 2044 edictoque
954 1998 1043 2029 suo
1077 1998 1179 2030 non
1207 1982 1396 2030 luctum
1428 1981 1648 2044 patribus
1682 1998 1795 2031 con-

123 2062 326 2125 scriptis,
355 2062 443 2110 sed
467 2061 652 2110 indicia
675 2063 834 2110 luctus
867 2062 1154 2111 ademerint.
1228 2071 1278 2111 at
1303 2072 1404 2111 erat
1428 2079 1626 2112 mecum
1650 2080 1795 2112 cunc-

122 2153 201 2192 tus
226 2152 451 2206 equester
475 2143 621 2192 ordo:
663 2159 810 2205 quem
837 2142 1038 2205 quidem
1063 2143 1113 2191 in
1138 2143 1454 2193 contionibus
1489 2146 1691 2194 saltator
1713 2145 1794 2194 ille

62 2246 102 2276 25
125 2223 364 2274 Catilinae
401 2224 575 2272 consul
609 2223 977 2286 proscriptionis
1014 2224 1397 2274 denunciatione
1433 2227 1656 2274 terrebat.
1744 2236 1795 2275 at

123 2314 227 2354 tota
263 2305 407 2354 Italia
442 2314 768 2354 convenerat:
805 2305 886 2354 cui
922 2304 1124 2369 quidem
1160 2306 1276 2355 belli
1312 2306 1533 2357 intestini
1570 2317 1619 2356 et
1652 2307 1795 2356 vasti-

123 2386 233 2435 tatis
258 2395 419 2435 metus
444 2386 753 2435 inferebatur.

223 2469 451 2515 XXXVI
524 2466 680 2515 Hisce
712 2483 804 2530 ego
836 2467 1026 2517 auxiliis
1059 2468 1374 2518 studentibus
1407 2477 1555 2532 atque
1580 2468 1792 2519 incitatis

123 2549 195 2599 uti
217 2567 314 2611 me,
341 2548 634 2607 Laterensis,
655 2547 876 2611 potuisse
900 2551 1154 2610 confiteor,
1183 2551 1273 2598 sed
1298 2559 1401 2598 erat
1424 2566 1526 2599 non
1551 2549 1668 2611 iure,
1690 2567 1789 2600 non

12 2656 15 2663 ·
61 2654 104 2687 30
123 2630 325 2693 legibus,
351 2646 455 2678 non
479 2629 805 2691 disceptando
831 2630 1203 2679 decertandum.
1256 2646 1371 2678 nam
1395 2631 1632 2693 profecto,
1659 2647 1796 2694 prae-

123 2711 288 2761 sertim
311 2720 410 2761 tam
429 2713 564 2760 bona
587 2710 638 2759 in
663 2727 823 2768 causa,
845 2727 1131 2774 numquam,
1153 2729 1254 2775 quo
1274 2712 1453 2761 caeteri
1478 2730 1625 2776 saepe
1644 2714 1795 2763 abun-

123 2792 312 2853 darunt,
350 2791 403 2840 id
439 2791 562 2839 mihi
596 2790 690 2854 ipsi
725 2790 959 2839 auxilium
995 2808 1163 2840 meum
1199 2792 1445 2842 defuisset.
1505 2793 1651 2843 armis
1686 2795 1790 2852 fuit,

122 2872 283 2935 armiS‚
321 2872 540 2936 inquam,
576 2872 668 2922 fuit
704 2872 1057 2934 dimicandum,
1102 2873 1280 2937 quibus
1317 2891 1346 2924 a
1381 2875 1529 2926 servis
1578 2885 1727 2940 atque
1763 2894 1793 2927 a

1507 2984 1645 3037 3--2
