<?xml version="1.0" encoding="UTF-8"?>
<!DOCTYPE html PUBLIC "-//W3C//DTD XHTML 1.0 Transitional//EN"
    "http://www.w3.org/TR/xhtml1/DTD/xhtml1-transitional.dtd">
<html xmlns="http://www.w3.org/1999/xhtml" xml:lang="en" lang="en">
 <head>
  <title>
</title>
<meta http-equiv="Content-Type" content="text/html;charset=utf-8" />
  <meta name='ocr-system' content='tesseract 3.04.00' />
  <meta name='ocr-capabilities' content='ocr_page ocr_carea ocr_par ocr_line ocrx_word'/>
</head>
<body>
  <div class='ocr_page' id='page_1' title='image "./proplanciolatin100ciceuoft_0069.png"; bbox 0 0 2046 3112; ppageno 0'>
   <div class='ocr_carea' id='block_1_1' title="bbox 440 528 1460 593">
    <p class='ocr_par' dir='ltr' id='par_1_1' title="bbox 440 528 1460 593">
     <span class='ocr_line' id='line_1_1' title="bbox 440 528 1460 593; baseline 0 -2"><span class='ocrx_word' id='word_1_1' title='bbox 440 530 530 593; x_wconf 92' lang='lat' dir='ltr'><strong>M.</strong></span> <span class='ocrx_word' id='word_1_2' title='bbox 596 531 876 591; x_wconf 92' lang='lat' dir='ltr'><strong>TVLLI</strong></span> <span class='ocrx_word' id='word_1_3' title='bbox 955 528 1460 592; x_wconf 88' lang='lat' dir='ltr'>CICERONIS</span> 
     </span>
    </p>
   </div>
   <div class='ocr_carea' id='block_1_2' title="bbox 893 676 1010 717">
    <p class='ocr_par' dir='ltr' id='par_1_2' title="bbox 893 676 1010 717">
     <span class='ocr_line' id='line_1_2' title="bbox 893 676 1010 717; baseline 0 0"><span class='ocrx_word' id='word_1_4' title='bbox 893 676 1010 717; x_wconf 90' lang='lat' dir='ltr'><strong>PRO</strong></span> 
     </span>
    </p>
   </div>
   <div class='ocr_carea' id='block_1_3' title="bbox 563 790 1336 870">
    <p class='ocr_par' dir='ltr' id='par_1_3' title="bbox 563 790 1336 870">
     <span class='ocr_line' id='line_1_3' title="bbox 563 790 1336 870; baseline 0 -1"><span class='ocrx_word' id='word_1_5' title='bbox 563 791 742 870; x_wconf 85' lang='lat' dir='ltr'><strong>CN.</strong></span> <span class='ocrx_word' id='word_1_6' title='bbox 812 790 1336 869; x_wconf 87' lang='lat' dir='ltr'><strong>PLANCIO</strong></span> 
     </span>
    </p>
   </div>
   <div class='ocr_carea' id='block_1_4' title="bbox 783 940 1123 990">
    <p class='ocr_par' dir='ltr' id='par_1_4' title="bbox 783 940 1123 990">
     <span class='ocr_line' id='line_1_4' title="bbox 783 940 1123 990; baseline 0.003 -1"><span class='ocrx_word' id='word_1_7' title='bbox 783 940 1123 990; x_wconf 89' lang='lat' dir='ltr'><strong>ORATIO</strong></span> 
     </span>
    </p>
   </div>
   <div class='ocr_carea' id='block_1_5' title="bbox 0 1206 1835 2896">
    <p class='ocr_par' dir='ltr' id='par_1_5' title="bbox 114 1206 1835 1517">
     <span class='ocr_line' id='line_1_5' title="bbox 217 1206 1835 1276; baseline -0.004 -11"><span class='ocrx_word' id='word_1_8' title='bbox 217 1215 243 1264; x_wconf 95' lang='lat' dir='ltr'><strong>I</strong></span> <span class='ocrx_word' id='word_1_9' title='bbox 313 1215 442 1265; x_wconf 89' lang='lat' dir='ltr'><strong>Cum</strong></span> <span class='ocrx_word' id='word_1_10' title='bbox 478 1222 677 1276; x_wconf 89' lang='lat' dir='ltr'><strong>propter</strong></span> <span class='ocrx_word' id='word_1_11' title='bbox 719 1210 963 1276; x_wconf 80' lang='lat' dir='ltr'><strong>egregiam</strong></span> <span class='ocrx_word' id='word_1_12' title='bbox 1003 1218 1054 1260; x_wconf 93' lang='lat' dir='ltr'><strong>et</strong></span> <span class='ocrx_word' id='word_1_13' title='bbox 1094 1210 1390 1273; x_wconf 84' lang='lat' dir='ltr'>singularem</span> <span class='ocrx_word' id='word_1_14' title='bbox 1440 1211 1531 1260; x_wconf 90' lang='lat' dir='ltr'><strong>Cn.</strong></span> <span class='ocrx_word' id='word_1_15' title='bbox 1579 1206 1782 1267; x_wconf 90' lang='lat' dir='ltr'><strong>Plancii,</strong></span> <span class='ocrx_word' id='word_1_16' title='bbox 1809 1213 1835 1259; x_wconf 90' lang='lat'>1</span> 
     </span>
     <span class='ocr_line' id='line_1_6' title="bbox 114 1291 1785 1355; baseline -0.002 -12"><span class='ocrx_word' id='word_1_17' title='bbox 114 1294 316 1355; x_wconf 89' lang='lat' dir='ltr'><strong>iudices,</strong></span> <span class='ocrx_word' id='word_1_18' title='bbox 365 1295 416 1344; x_wconf 92' lang='lat' dir='ltr'><strong>in</strong></span> <span class='ocrx_word' id='word_1_19' title='bbox 453 1312 566 1344; x_wconf 90' lang='lat' dir='ltr'><strong>mea</strong></span> <span class='ocrx_word' id='word_1_20' title='bbox 606 1295 762 1343; x_wconf 85' lang='lat' dir='ltr'><strong>salute</strong></span> <span class='ocrx_word' id='word_1_21' title='bbox 799 1291 1127 1341; x_wconf 88' lang='lat' dir='ltr'><strong>custodienda</strong></span> <span class='ocrx_word' id='word_1_22' title='bbox 1166 1294 1319 1341; x_wconf 90' lang='lat' dir='ltr'><strong>fidem</strong></span> <span class='ocrx_word' id='word_1_23' title='bbox 1365 1302 1468 1341; x_wconf 89' lang='lat' dir='ltr'><strong>tam</strong></span> <span class='ocrx_word' id='word_1_24' title='bbox 1507 1293 1688 1340; x_wconf 89' lang='lat' dir='ltr'><strong>multos</strong></span> <span class='ocrx_word' id='word_1_25' title='bbox 1735 1299 1785 1341; x_wconf 94' lang='lat' dir='ltr'><strong>et</strong></span> 
     </span>
     <span class='ocr_line' id='line_1_7' title="bbox 114 1373 1784 1436; baseline -0.004 -9"><span class='ocrx_word' id='word_1_26' title='bbox 114 1380 275 1427; x_wconf 92' lang='lat' dir='ltr'><strong>bonos</strong></span> <span class='ocrx_word' id='word_1_27' title='bbox 323 1377 451 1426; x_wconf 92' lang='lat' dir='ltr'><strong>viros</strong></span> <span class='ocrx_word' id='word_1_28' title='bbox 489 1376 593 1425; x_wconf 91' lang='lat' dir='ltr'><strong>eius</strong></span> <span class='ocrx_word' id='word_1_29' title='bbox 633 1375 811 1424; x_wconf 88' lang='lat' dir='ltr'><strong>honori</strong></span> <span class='ocrx_word' id='word_1_30' title='bbox 846 1374 1065 1422; x_wconf 87' lang='lat' dir='ltr'><strong>viderem</strong></span> <span class='ocrx_word' id='word_1_31' title='bbox 1107 1390 1215 1423; x_wconf 91' lang='lat' dir='ltr'><strong>esse</strong></span> <span class='ocrx_word' id='word_1_32' title='bbox 1255 1375 1484 1434; x_wconf 85' lang='lat' dir='ltr'><strong>fautores,</strong></span> <span class='ocrx_word' id='word_1_33' title='bbox 1526 1373 1784 1436; x_wconf 81' lang='lat' dir='ltr'>capiebam</span> 
     </span>
     <span class='ocr_line' id='line_1_8' title="bbox 115 1452 1784 1517; baseline -0.004 -10"><span class='ocrx_word' id='word_1_34' title='bbox 115 1458 282 1507; x_wconf 87' lang='lat' dir='ltr'><strong>animo</strong></span> <span class='ocrx_word' id='word_1_35' title='bbox 320 1474 424 1507; x_wconf 94' lang='lat' dir='ltr'><strong>non</strong></span> <span class='ocrx_word' id='word_1_36' title='bbox 469 1456 772 1506; x_wconf 84' lang='lat' dir='ltr'><strong>mediocrem</strong></span> <span class='ocrx_word' id='word_1_37' title='bbox 817 1456 1139 1516; x_wconf 90' lang='lat' dir='ltr'><strong>voluptatem,</strong></span> <span class='ocrx_word' id='word_1_38' title='bbox 1188 1453 1340 1517; x_wconf 89' lang='lat' dir='ltr'><strong>quod,</strong></span> <span class='ocrx_word' id='word_1_39' title='bbox 1389 1452 1529 1501; x_wconf 87' lang='lat' dir='ltr'><strong>cuius</strong></span> <span class='ocrx_word' id='word_1_40' title='bbox 1568 1452 1784 1501; x_wconf 88' lang='lat' dir='ltr'><strong>officium</strong></span> 
     </span>
    </p>

    <p class='ocr_par' dir='ltr' id='par_1_6' title="bbox 0 1533 1834 2896">
     <span class='ocr_line' id='line_1_9' title="bbox 77 1533 1787 1598; baseline -0.004 -11"><span class='ocrx_word' id='word_1_41' title='bbox 77 1538 236 1593; x_wconf 84' lang='lat' dir='ltr'><strong>5mihi</strong></span> <span class='ocrx_word' id='word_1_42' title='bbox 273 1538 416 1588; x_wconf 91' lang='lat' dir='ltr'><strong>saluti</strong></span> <span class='ocrx_word' id='word_1_43' title='bbox 452 1537 636 1597; x_wconf 80' lang='lat' dir='ltr'><strong>fuisset,</strong></span> <span class='ocrx_word' id='word_1_44' title='bbox 676 1535 723 1586; x_wconf 92' lang='lat' dir='ltr'><strong>ei</strong></span> <span class='ocrx_word' id='word_1_45' title='bbox 763 1552 989 1585; x_wconf 91' lang='lat' dir='ltr'><strong>meorum</strong></span> <span class='ocrx_word' id='word_1_46' title='bbox 1029 1543 1308 1598; x_wconf 90' lang='lat' dir='ltr'><strong>temporum</strong></span> <span class='ocrx_word' id='word_1_47' title='bbox 1354 1533 1645 1583; x_wconf 83' lang='lat' dir='ltr'><strong>memoriam</strong></span> <span class='ocrx_word' id='word_1_48' title='bbox 1690 1534 1787 1582; x_wconf 91' lang='lat' dir='ltr'><strong>suf-</strong></span> 
     </span>
     <span class='ocr_line' id='line_1_10' title="bbox 114 1613 1784 1683; baseline -0.003 -16"><span class='ocrx_word' id='word_1_49' title='bbox 114 1619 289 1683; x_wconf 89' lang='lat' dir='ltr'><strong>fragari</strong></span> <span class='ocrx_word' id='word_1_50' title='bbox 322 1620 555 1668; x_wconf 83' lang='lat' dir='ltr'><strong>videbam</strong></span> <span class='ocrx_word' id='word_1_51' title='bbox 575 1635 587 1666; x_wconf 88' lang='lat'>:</span> <span class='ocrx_word' id='word_1_52' title='bbox 622 1634 734 1666; x_wconf 92' lang='lat' dir='ltr'><strong>cum</strong></span> <span class='ocrx_word' id='word_1_53' title='bbox 758 1626 926 1665; x_wconf 88' lang='lat' dir='ltr'><strong>autern</strong></span> <span class='ocrx_word' id='word_1_54' title='bbox 951 1615 1171 1665; x_wconf 81' lang='lat' dir='ltr'><strong>audirem</strong></span> <span class='ocrx_word' id='word_1_55' title='bbox 1195 1631 1335 1664; x_wconf 86' lang='lat' dir='ltr'><strong>meos</strong></span> <span class='ocrx_word' id='word_1_56' title='bbox 1359 1614 1535 1678; x_wconf 89' lang='lat' dir='ltr'><strong>partim</strong></span> <span class='ocrx_word' id='word_1_57' title='bbox 1557 1613 1784 1664; x_wconf 87' lang='lat' dir='ltr'><strong>inimicos</strong></span> 
     </span>
     <span class='ocr_line' id='line_1_11' title="bbox 115 1697 1784 1764; baseline -0.004 -15"><span class='ocrx_word' id='word_1_58' title='bbox 115 1700 292 1764; x_wconf 86' lang='lat' dir='ltr'><strong>partim</strong></span> <span class='ocrx_word' id='word_1_59' title='bbox 330 1699 526 1749; x_wconf 87' lang='lat' dir='ltr'><strong>invidos</strong></span> <span class='ocrx_word' id='word_1_60' title='bbox 566 1698 682 1747; x_wconf 91' lang='lat' dir='ltr'><strong>huic</strong></span> <span class='ocrx_word' id='word_1_61' title='bbox 720 1697 1023 1747; x_wconf 83' lang='lat' dir='ltr'><strong>accusationi</strong></span> <span class='ocrx_word' id='word_1_62' title='bbox 1063 1713 1172 1746; x_wconf 88' lang='lat' dir='ltr'><strong>esse</strong></span> <span class='ocrx_word' id='word_1_63' title='bbox 1211 1698 1425 1745; x_wconf 87' lang='lat' dir='ltr'><strong>fautores</strong></span> <span class='ocrx_word' id='word_1_64' title='bbox 1472 1698 1784 1758; x_wconf 88' lang='lat' dir='ltr'><strong>eandemque</strong></span> 
     </span>
     <span class='ocr_line' id='line_1_12' title="bbox 114 1779 1786 1843; baseline -0.003 -11"><span class='ocrx_word' id='word_1_65' title='bbox 114 1799 216 1832; x_wconf 90' lang='lat' dir='ltr'><strong>rem</strong></span> <span class='ocrx_word' id='word_1_66' title='bbox 255 1781 581 1832; x_wconf 89' lang='lat' dir='ltr'><strong>adversariam</strong></span> <span class='ocrx_word' id='word_1_67' title='bbox 616 1798 725 1832; x_wconf 89' lang='lat' dir='ltr'><strong>esse</strong></span> <span class='ocrx_word' id='word_1_68' title='bbox 760 1780 813 1830; x_wconf 88' lang='lat' dir='ltr'><strong>in</strong></span> <span class='ocrx_word' id='word_1_69' title='bbox 850 1780 1034 1830; x_wconf 88' lang='lat' dir='ltr'><strong>iudicio</strong></span> <span class='ocrx_word' id='word_1_70' title='bbox 1071 1782 1162 1830; x_wconf 88' lang='lat' dir='ltr'><strong>Cn.</strong></span> <span class='ocrx_word' id='word_1_71' title='bbox 1205 1780 1422 1840; x_wconf 90' lang='lat' dir='ltr'><strong>Plancio,</strong></span> <span class='ocrx_word' id='word_1_72' title='bbox 1454 1797 1583 1843; x_wconf 92' lang='lat' dir='ltr'><strong>quae</strong></span> <span class='ocrx_word' id='word_1_73' title='bbox 1618 1779 1669 1827; x_wconf 91' lang='lat' dir='ltr'><strong>in</strong></span> <span class='ocrx_word' id='word_1_74' title='bbox 1703 1795 1786 1842; x_wconf 91' lang='lat' dir='ltr'><strong>pe-</strong></span> 
     </span>
     <span class='ocr_line' id='line_1_13' title="bbox 115 1860 1780 1924; baseline -0.004 -11"><span class='ocrx_word' id='word_1_75' title='bbox 115 1862 290 1913; x_wconf 89' lang='lat' dir='ltr'><strong>titione</strong></span> <span class='ocrx_word' id='word_1_76' title='bbox 318 1862 487 1912; x_wconf 87' lang='lat' dir='ltr'><strong>fuisset</strong></span> <span class='ocrx_word' id='word_1_77' title='bbox 518 1861 740 1924; x_wconf 84' lang='lat' dir='ltr'><strong>adiutrix,</strong></span> <span class='ocrx_word' id='word_1_78' title='bbox 767 1862 1015 1921; x_wconf 88' lang='lat' dir='ltr'><strong>dolebam,</strong></span> <span class='ocrx_word' id='word_1_79' title='bbox 1041 1860 1245 1920; x_wconf 88' lang='lat' dir='ltr'><strong>iudices,</strong></span> <span class='ocrx_word' id='word_1_80' title='bbox 1273 1869 1323 1909; x_wconf 93' lang='lat' dir='ltr'><strong>et</strong></span> <span class='ocrx_word' id='word_1_81' title='bbox 1346 1862 1523 1909; x_wconf 90' lang='lat' dir='ltr'><strong>acerbe</strong></span> <span class='ocrx_word' id='word_1_82' title='bbox 1546 1861 1780 1918; x_wconf 88' lang='lat' dir='ltr'><strong>ferebam,</strong></span> 
     </span>
     <span class='ocr_line' id='line_1_14' title="bbox 57 1940 1784 2006; baseline -0.003 -12"><span class='ocrx_word' id='word_1_83' title='bbox 57 1965 98 1988; x_wconf 85' lang='lat'><strong>10</strong></span> <span class='ocrx_word' id='word_1_84' title='bbox 118 1943 158 1994; x_wconf 89' lang='lat' dir='ltr'><strong>si</strong></span> <span class='ocrx_word' id='word_1_85' title='bbox 196 1944 341 1993; x_wconf 93' lang='lat' dir='ltr'><strong>huius</strong></span> <span class='ocrx_word' id='word_1_86' title='bbox 376 1946 507 1994; x_wconf 90' lang='lat' dir='ltr'><strong>salus</strong></span> <span class='ocrx_word' id='word_1_87' title='bbox 543 1944 611 1992; x_wconf 96' lang='lat' dir='ltr'><strong>ob</strong></span> <span class='ocrx_word' id='word_1_88' title='bbox 641 1959 752 1992; x_wconf 93' lang='lat' dir='ltr'><strong>eam</strong></span> <span class='ocrx_word' id='word_1_89' title='bbox 786 1941 944 2006; x_wconf 85' lang='lat' dir='ltr'><strong>ipsam</strong></span> <span class='ocrx_word' id='word_1_90' title='bbox 980 1958 1179 1990; x_wconf 90' lang='lat' dir='ltr'><strong>causam</strong></span> <span class='ocrx_word' id='word_1_91' title='bbox 1215 1950 1342 1990; x_wconf 93' lang='lat' dir='ltr'><strong>esset</strong></span> <span class='ocrx_word' id='word_1_92' title='bbox 1377 1940 1610 1999; x_wconf 86' lang='lat' dir='ltr'><strong>infestior,</strong></span> <span class='ocrx_word' id='word_1_93' title='bbox 1648 1941 1784 2002; x_wconf 90' lang='lat' dir='ltr'><strong>quod</strong></span> 
     </span>
     <span class='ocr_line' id='line_1_15' title="bbox 115 2019 1784 2086; baseline -0.002 -13"><span class='ocrx_word' id='word_1_94' title='bbox 115 2023 158 2073; x_wconf 88' lang='lat' dir='ltr'><strong>is</strong></span> <span class='ocrx_word' id='word_1_95' title='bbox 191 2041 356 2074; x_wconf 89' lang='lat' dir='ltr'><strong>meam</strong></span> <span class='ocrx_word' id='word_1_96' title='bbox 391 2026 599 2073; x_wconf 89' lang='lat' dir='ltr'><strong>salutem</strong></span> <span class='ocrx_word' id='word_1_97' title='bbox 636 2032 784 2086; x_wconf 89' lang='lat' dir='ltr'><strong>atque</strong></span> <span class='ocrx_word' id='word_1_98' title='bbox 819 2023 971 2071; x_wconf 88' lang='lat' dir='ltr'><strong>vitam</strong></span> <span class='ocrx_word' id='word_1_99' title='bbox 1009 2038 1098 2070; x_wconf 90' lang='lat' dir='ltr'><strong>sua</strong></span> <span class='ocrx_word' id='word_1_100' title='bbox 1133 2021 1494 2080; x_wconf 86' lang='lat' dir='ltr'><strong>benevolentia,</strong></span> <span class='ocrx_word' id='word_1_101' title='bbox 1538 2019 1784 2084; x_wconf 87' lang='lat' dir='ltr'><strong>praesidio</strong></span> 
     </span>
     <span class='ocr_line' id='line_1_16' title="bbox 118 2103 1834 2168; baseline -0.003 -13"><span class='ocrx_word' id='word_1_102' title='bbox 118 2106 442 2168; x_wconf 89' lang='lat' dir='ltr'><strong>custodiaque</strong></span> <span class='ocrx_word' id='word_1_103' title='bbox 488 2103 700 2153; x_wconf 86' lang='lat' dir='ltr'><strong>texisset.</strong></span> <span class='ocrx_word' id='word_1_104' title='bbox 785 2120 919 2152; x_wconf 88' lang='lat' dir='ltr'><strong>nunc</strong></span> <span class='ocrx_word' id='word_1_105' title='bbox 965 2112 1131 2152; x_wconf 89' lang='lat' dir='ltr'><strong>autem</strong></span> <span class='ocrx_word' id='word_1_106' title='bbox 1176 2113 1350 2163; x_wconf 91' lang='lat' dir='ltr'><strong>vester,</strong></span> <span class='ocrx_word' id='word_1_107' title='bbox 1409 2104 1613 2162; x_wconf 90' lang='lat' dir='ltr'><strong>iudices,</strong></span> <span class='ocrx_word' id='word_1_108' title='bbox 1669 2103 1834 2152; x_wconf 88' lang='lat' dir='ltr'><strong>con-2</strong></span> 
     </span>
     <span class='ocr_line' id='line_1_17' title="bbox 117 2185 1783 2252; baseline -0.004 -15"><span class='ocrx_word' id='word_1_109' title='bbox 117 2197 312 2252; x_wconf 87' lang='lat' dir='ltr'><strong>spectus</strong></span> <span class='ocrx_word' id='word_1_110' title='bbox 349 2194 400 2236; x_wconf 94' lang='lat' dir='ltr'><strong>et</strong></span> <span class='ocrx_word' id='word_1_111' title='bbox 440 2202 698 2235; x_wconf 90' lang='lat' dir='ltr'><strong>consessus</strong></span> <span class='ocrx_word' id='word_1_112' title='bbox 735 2185 828 2235; x_wconf 88' lang='lat' dir='ltr'><strong>iste</strong></span> <span class='ocrx_word' id='word_1_113' title='bbox 861 2186 1016 2235; x_wconf 87' lang='lat' dir='ltr'><strong>reficit</strong></span> <span class='ocrx_word' id='word_1_114' title='bbox 1048 2195 1097 2235; x_wconf 95' lang='lat' dir='ltr'><strong>et</strong></span> <span class='ocrx_word' id='word_1_115' title='bbox 1129 2195 1317 2235; x_wconf 90' lang='lat' dir='ltr'><strong>recreat</strong></span> <span class='ocrx_word' id='word_1_116' title='bbox 1351 2195 1570 2235; x_wconf 90' lang='lat' dir='ltr'><strong>mentem</strong></span> <span class='ocrx_word' id='word_1_117' title='bbox 1604 2200 1783 2243; x_wconf 90' lang='lat' dir='ltr'><strong>meam,</strong></span> 
     </span>
     <span class='ocr_line' id='line_1_18' title="bbox 119 2264 1784 2329; baseline -0.002 -13"><span class='ocrx_word' id='word_1_118' title='bbox 119 2284 232 2316; x_wconf 90' lang='lat' dir='ltr'><strong>cum</strong></span> <span class='ocrx_word' id='word_1_119' title='bbox 259 2268 453 2316; x_wconf 91' lang='lat' dir='ltr'><strong>intueor</strong></span> <span class='ocrx_word' id='word_1_120' title='bbox 483 2275 533 2315; x_wconf 90' lang='lat' dir='ltr'><strong>et</strong></span> <span class='ocrx_word' id='word_1_121' title='bbox 564 2268 874 2329; x_wconf 90' lang='lat' dir='ltr'><strong>contemplor</strong></span> <span class='ocrx_word' id='word_1_122' title='bbox 902 2283 1059 2314; x_wconf 91' lang='lat' dir='ltr'><strong>unum</strong></span> <span class='ocrx_word' id='word_1_123' title='bbox 1083 2283 1329 2329; x_wconf 90' lang='lat' dir='ltr'><strong>quemque</strong></span> <span class='ocrx_word' id='word_1_124' title='bbox 1351 2275 1590 2315; x_wconf 87' lang='lat' dir='ltr'><strong>vestrum:</strong></span> <span class='ocrx_word' id='word_1_125' title='bbox 1637 2264 1784 2314; x_wconf 93' lang='lat' dir='ltr'><strong>video</strong></span> 
     </span>
     <span class='ocr_line' id='line_1_19' title="bbox 0 2347 1784 2410; baseline -0.004 -9"><span class='ocrx_word' id='word_1_126' title='bbox 0 2383 2 2392; x_wconf 71' lang='lat'>‚</span> <span class='ocrx_word' id='word_1_127' title='bbox 59 2379 98 2410; x_wconf 86' lang='lat'><strong>15</strong></span> <span class='ocrx_word' id='word_1_128' title='bbox 122 2349 253 2398; x_wconf 89' lang='lat' dir='ltr'><strong>enim</strong></span> <span class='ocrx_word' id='word_1_129' title='bbox 298 2350 396 2397; x_wconf 87' lang='lat' dir='ltr'><strong>hoc</strong></span> <span class='ocrx_word' id='word_1_130' title='bbox 435 2347 487 2396; x_wconf 90' lang='lat' dir='ltr'><strong>in</strong></span> <span class='ocrx_word' id='word_1_131' title='bbox 532 2364 742 2397; x_wconf 90' lang='lat' dir='ltr'><strong>numero</strong></span> <span class='ocrx_word' id='word_1_132' title='bbox 786 2347 1040 2397; x_wconf 89' lang='lat' dir='ltr'><strong>neminem</strong></span> <span class='ocrx_word' id='word_1_133' title='bbox 1087 2347 1168 2396; x_wconf 91' lang='lat' dir='ltr'><strong>cui</strong></span> <span class='ocrx_word' id='word_1_134' title='bbox 1204 2364 1317 2396; x_wconf 83' lang='lat' dir='ltr'><strong>mea</strong></span> <span class='ocrx_word' id='word_1_135' title='bbox 1363 2350 1492 2396; x_wconf 88' lang='lat' dir='ltr'><strong>salus</strong></span> <span class='ocrx_word' id='word_1_136' title='bbox 1533 2363 1635 2395; x_wconf 93' lang='lat' dir='ltr'><strong>non</strong></span> <span class='ocrx_word' id='word_1_137' title='bbox 1673 2360 1784 2394; x_wconf 87' lang='lat' dir='ltr'><strong>cara</strong></span> 
     </span>
     <span class='ocr_line' id='line_1_20' title="bbox 119 2427 1783 2492; baseline -0.002 -12"><span class='ocrx_word' id='word_1_138' title='bbox 119 2431 274 2492; x_wconf 89' lang='lat' dir='ltr'><strong>fuerit,</strong></span> <span class='ocrx_word' id='word_1_139' title='bbox 312 2430 449 2479; x_wconf 88' lang='lat' dir='ltr'><strong>cuius</strong></span> <span class='ocrx_word' id='word_1_140' title='bbox 485 2445 587 2478; x_wconf 91' lang='lat' dir='ltr'><strong>non</strong></span> <span class='ocrx_word' id='word_1_141' title='bbox 623 2438 779 2478; x_wconf 88' lang='lat' dir='ltr'><strong>exstet</strong></span> <span class='ocrx_word' id='word_1_142' title='bbox 813 2428 865 2477; x_wconf 91' lang='lat' dir='ltr'><strong>in</strong></span> <span class='ocrx_word' id='word_1_143' title='bbox 899 2446 981 2478; x_wconf 93' lang='lat' dir='ltr'><strong>me</strong></span> <span class='ocrx_word' id='word_1_144' title='bbox 1016 2445 1265 2478; x_wconf 89' lang='lat' dir='ltr'><strong>summum</strong></span> <span class='ocrx_word' id='word_1_145' title='bbox 1295 2429 1539 2487; x_wconf 89' lang='lat' dir='ltr'><strong>meritum,</strong></span> <span class='ocrx_word' id='word_1_146' title='bbox 1571 2427 1650 2476; x_wconf 90' lang='lat' dir='ltr'><strong>cui</strong></span> <span class='ocrx_word' id='word_1_147' title='bbox 1681 2444 1783 2477; x_wconf 92' lang='lat' dir='ltr'><strong>non</strong></span> 
     </span>
     <span class='ocr_line' id='line_1_21' title="bbox 122 2510 1782 2573; baseline -0.003 -11"><span class='ocrx_word' id='word_1_148' title='bbox 122 2513 212 2562; x_wconf 89' lang='lat' dir='ltr'><strong>sim</strong></span> <span class='ocrx_word' id='word_1_149' title='bbox 251 2511 513 2562; x_wconf 91' lang='lat' dir='ltr'><strong>obstrictus</strong></span> <span class='ocrx_word' id='word_1_150' title='bbox 548 2510 787 2561; x_wconf 88' lang='lat' dir='ltr'><strong>memoria</strong></span> <span class='ocrx_word' id='word_1_151' title='bbox 825 2510 1054 2560; x_wconf 86' lang='lat' dir='ltr'><strong>beneficii</strong></span> <span class='ocrx_word' id='word_1_152' title='bbox 1092 2511 1401 2573; x_wconf 87' lang='lat' dir='ltr'><strong>sempiterna.</strong></span> <span class='ocrx_word' id='word_1_153' title='bbox 1473 2510 1640 2572; x_wconf 88' lang='lat' dir='ltr'><strong>itaque</strong></span> <span class='ocrx_word' id='word_1_154' title='bbox 1681 2527 1782 2560; x_wconf 94' lang='lat' dir='ltr'><strong>non</strong></span> 
     </span>
     <span class='ocr_line' id='line_1_22' title="bbox 123 2592 1782 2656; baseline -0.002 -11"><span class='ocrx_word' id='word_1_155' title='bbox 123 2595 387 2645; x_wconf 87' lang='lat' dir='ltr'><strong>extimesco</strong></span> <span class='ocrx_word' id='word_1_156' title='bbox 419 2611 483 2644; x_wconf 89' lang='lat' dir='ltr'><strong>ne</strong></span> <span class='ocrx_word' id='word_1_157' title='bbox 516 2597 609 2645; x_wconf 89' lang='lat' dir='ltr'><strong>Cn.</strong></span> <span class='ocrx_word' id='word_1_158' title='bbox 645 2592 849 2643; x_wconf 88' lang='lat' dir='ltr'><strong>Plancio</strong></span> <span class='ocrx_word' id='word_1_159' title='bbox 885 2593 1111 2642; x_wconf 92' lang='lat' dir='ltr'><strong>custodia</strong></span> <span class='ocrx_word' id='word_1_160' title='bbox 1142 2609 1283 2641; x_wconf 90' lang='lat' dir='ltr'><strong>meae</strong></span> <span class='ocrx_word' id='word_1_161' title='bbox 1323 2592 1491 2641; x_wconf 88' lang='lat' dir='ltr'><strong>salutis</strong></span> <span class='ocrx_word' id='word_1_162' title='bbox 1529 2593 1663 2656; x_wconf 87' lang='lat' dir='ltr'><strong>apud</strong></span> <span class='ocrx_word' id='word_1_163' title='bbox 1695 2609 1782 2642; x_wconf 92' lang='lat' dir='ltr'><strong>eos</strong></span> 
     </span>
     <span class='ocr_line' id='line_1_23' title="bbox 123 2673 1784 2740; baseline -0.003 -14"><span class='ocrx_word' id='word_1_164' title='bbox 123 2677 264 2738; x_wconf 88' lang='lat' dir='ltr'><strong>obsit,</strong></span> <span class='ocrx_word' id='word_1_165' title='bbox 310 2675 395 2740; x_wconf 90' lang='lat' dir='ltr'><strong>qui</strong></span> <span class='ocrx_word' id='word_1_166' title='bbox 430 2692 511 2724; x_wconf 88' lang='lat' dir='ltr'><strong>me</strong></span> <span class='ocrx_word' id='word_1_167' title='bbox 550 2674 646 2738; x_wconf 89' lang='lat' dir='ltr'><strong>ipsi</strong></span> <span class='ocrx_word' id='word_1_168' title='bbox 685 2674 900 2724; x_wconf 85' lang='lat' dir='ltr'><strong>maxime</strong></span> <span class='ocrx_word' id='word_1_169' title='bbox 934 2676 1122 2722; x_wconf 88' lang='lat' dir='ltr'><strong>salvum</strong></span> <span class='ocrx_word' id='word_1_170' title='bbox 1156 2673 1324 2722; x_wconf 89' lang='lat' dir='ltr'><strong>videre</strong></span> <span class='ocrx_word' id='word_1_171' title='bbox 1369 2675 1645 2733; x_wconf 88' lang='lat' dir='ltr'><strong>voluerunt,</strong></span> <span class='ocrx_word' id='word_1_172' title='bbox 1685 2690 1784 2722; x_wconf 91' lang='lat' dir='ltr'><strong>sae-</strong></span> 
     </span>
     <span class='ocr_line' id='line_1_24' title="bbox 61 2753 1783 2819; baseline -0.003 -13"><span class='ocrx_word' id='word_1_173' title='bbox 61 2784 102 2808; x_wconf 87' lang='lat'><strong>20</strong></span> <span class='ocrx_word' id='word_1_174' title='bbox 122 2756 345 2819; x_wconf 89' lang='lat' dir='ltr'><strong>piusque,</strong></span> <span class='ocrx_word' id='word_1_175' title='bbox 383 2755 584 2814; x_wconf 87' lang='lat' dir='ltr'><strong>iudices,</strong></span> <span class='ocrx_word' id='word_1_176' title='bbox 622 2754 742 2803; x_wconf 89' lang='lat' dir='ltr'><strong>mihi</strong></span> <span class='ocrx_word' id='word_1_177' title='bbox 776 2753 910 2803; x_wconf 91' lang='lat' dir='ltr'><strong>venit</strong></span> <span class='ocrx_word' id='word_1_178' title='bbox 944 2754 995 2802; x_wconf 91' lang='lat' dir='ltr'><strong>in</strong></span> <span class='ocrx_word' id='word_1_179' title='bbox 1030 2763 1251 2803; x_wconf 89' lang='lat' dir='ltr'><strong>mentem</strong></span> <span class='ocrx_word' id='word_1_180' title='bbox 1291 2754 1639 2802; x_wconf 88' lang='lat' dir='ltr'><strong>admirandum</strong></span> <span class='ocrx_word' id='word_1_181' title='bbox 1674 2768 1783 2801; x_wconf 90' lang='lat' dir='ltr'><strong>esse</strong></span> 
     </span>
     <span class='ocr_line' id='line_1_25' title="bbox 125 2831 1784 2896; baseline -0.004 -11"><span class='ocrx_word' id='word_1_182' title='bbox 125 2838 199 2885; x_wconf 88' lang='grc' dir='ltr'><strong>Μ.</strong></span> <span class='ocrx_word' id='word_1_183' title='bbox 236 2838 568 2894; x_wconf 89' lang='lat' dir='ltr'><strong>Laterensem,</strong></span> <span class='ocrx_word' id='word_1_184' title='bbox 599 2834 855 2884; x_wconf 90' lang='lat' dir='ltr'><strong>hominem</strong></span> <span class='ocrx_word' id='word_1_185' title='bbox 893 2832 1305 2883; x_wconf 82' lang='lat' dir='ltr'><strong>studiosissimum</strong></span> <span class='ocrx_word' id='word_1_186' title='bbox 1343 2841 1394 2881; x_wconf 92' lang='lat' dir='ltr'><strong>et</strong></span> <span class='ocrx_word' id='word_1_187' title='bbox 1438 2831 1689 2896; x_wconf 83' lang='lat' dir='ltr'><strong>dignitatis</strong></span> <span class='ocrx_word' id='word_1_188' title='bbox 1732 2840 1784 2880; x_wconf 92' lang='lat' dir='ltr'><strong>et</strong></span> 
     </span>
    </p>
   </div>
   <div class='ocr_carea' id='block_1_6' title="bbox 268 2940 1635 2981">
    <p class='ocr_par' dir='ltr' id='par_1_7' title="bbox 268 2940 1635 2981">
     <span class='ocr_line' id='line_1_26' title="bbox 268 2940 1635 2981; baseline -0.001 0"><span class='ocrx_word' id='word_1_189' title='bbox 268 2941 328 2981; x_wconf 89' lang='lat' dir='ltr'><strong>H.</strong></span> <span class='ocrx_word' id='word_1_190' title='bbox 1611 2940 1635 2980; x_wconf 93' lang='lat'>1</span> 
     </span>
    </p>
   </div>
  </div>
 </body>
</html>
