2046 3112
135 387 197 433 63

226 123 285 169 26
647 121 727 170 M.
771 121 997 171 TVLLI
1039 121 1450 173 CICERONIS
1627 118 1794 188 [XXV
1818 124 1880 171 62

219 237 470 292 praeterea
502 244 653 278 nemo
684 238 760 279 est
787 229 977 278 honore
1012 226 1203 292 dignus,
1229 226 1467 293 quidnam
1498 236 1573 278 tot
1604 227 1804 292 optimis
1835 239 1887 279 et

220 308 537 358 ornatissimis
561 308 750 358 civibus
773 319 849 359 est
871 311 1087 359 futurum
1101 311 1126 358 Ρ

317 389 494 437 XXVI
566 389 718 437 Iubes
745 388 1000 436 Plancium
1025 389 1089 437 de
1111 386 1242 437 vitiis
1266 387 1544 438 Laterensis
1568 388 1744 439 dicere.
1815 389 1886 438 ni-

219 470 288 519 hil
321 478 499 534 potest,
525 468 618 517 nisi
642 485 756 518 eum
779 468 925 518 nimis
955 469 1007 517 in
1039 486 1091 518 se
1118 468 1410 518 iracundum
1446 468 1685 537 [putabis]
1720 470 1881 520 fuisse.

217 550 352 600 idem
386 551 526 598 effers
554 552 870 598 Laterensem
902 549 1145 599 laudibus.
1232 548 1375 599 facile
1405 550 1565 613 patior
1593 549 1646 600 id
1670 561 1719 600 te
1742 568 1884 615 agere
1930 572 1948 603 s

219 629 385 679 multis
407 629 583 690 verbiS‚
613 630 748 691 quod
772 630 837 678 ad
860 628 1098 678 iudicium
1123 645 1225 677 non
1249 628 1503 692 pertineat,
1524 639 1573 680 et
1595 630 1648 679 id
1672 641 1720 680 te
1744 648 1885 680 accu-

219 719 411 758 santem
436 718 538 757 tam
564 708 648 758 diu
673 708 848 768 dicere,
877 710 1014 772 quod
1038 725 1131 772 ego
1155 710 1385 758 defensor
1408 708 1513 758 sine
1536 711 1754 773 periculo
1777 727 1887 774 pos-

220 790 313 839 sim
337 789 570 839 confiteri.
632 789 767 852 atqui
786 806 887 838 non
907 791 1059 838 modo
1083 790 1323 838 confiteor
1345 806 1537 838 summa
1551 789 1602 838 in
1621 793 1885 840 Laterense

219 883 507 922 ornamenta
529 889 653 931 esse,
679 873 767 921 sed
799 882 848 922 te
879 871 1026 922 etiam
1054 873 1374 935 reprehendo,
1401 874 1537 935 quod
1560 889 1620 921 ea
1642 889 1744 921 non
1773 889 1887 922 enu-

220 971 390 1014 meras,
430 955 527 1004 alia
562 956 808 1017 quaedam
843 954 1011 1003 inania
1044 964 1095 1004 et
1128 954 1254 1004 levia
1289 953 1548 1017 conquiris.
1622 956 1885 1004 Praeneste
1906 973 1947 994 10

219 1037 392 1085 secisse
432 1037 587 1086 ludos.
643 1035 800 1098 quid?
844 1035 926 1084 alii
961 1044 1245 1098 quaestores
1279 1051 1448 1083 nonne
1487 1036 1745 1085 fecerunt?
1794 1035 1886 1098 Cy-

218 1118 347 1166 renis
370 1115 622 1166 liberalem
646 1117 694 1165 in
722 1116 1031 1182 publicanos,
1057 1116 1241 1164 iustum
1275 1114 1327 1163 in
1358 1115 1520 1164 socios
1542 1115 1703 1166 fuisse.
1775 1116 1884 1180 quis

219 1200 403 1261 negat?
437 1200 526 1248 sed
553 1198 622 1247 ita
650 1199 807 1247 multa
830 1199 1026 1246 Romae
1055 1205 1302 1259 geruntur,
1326 1206 1381 1245 ut
1402 1196 1484 1244 vix
1514 1213 1587 1256 ea,
1605 1213 1732 1260 quae
1759 1198 1884 1246 fiunt

135 1283 198 1329 64
218 1277 269 1326 in
293 1277 570 1342 provinciis,
591 1277 864 1327 audiantur.
919 1294 1022 1326 non
1038 1293 1209 1326 vereor
1231 1293 1295 1325 ne
1319 1276 1440 1324 mihi
1459 1275 1658 1339 aliquid,
1679 1276 1880 1334 iudices,

133 2260 193 2306 65

218 1358 385 1408 videar
409 1360 658 1422 adrogare,
685 1358 726 1407 si
750 1359 813 1407 de
838 1367 1102 1419 quaestura
1124 1370 1237 1404 mea
1259 1355 1441 1405 dixero.
1502 1356 1726 1419 quamvis
1750 1356 1882 1406 enim
1908 1379 1944 1408 1⁵

218 1439 302 1490 illa
335 1440 562 1501 floruerit,
599 1451 767 1489 tamen
803 1456 917 1488 eum
949 1456 1030 1487 me
1065 1448 1241 1501 postea
1271 1436 1420 1486 fuisse
1453 1436 1505 1486 in
1540 1438 1764 1487 maximis
1797 1437 1884 1487 im-

218 1521 362 1585 periis
385 1523 604 1583 arbitror,
630 1532 685 1571 ut
715 1539 815 1571 non
846 1521 915 1570 ita
941 1522 1150 1569 multum
1183 1519 1307 1568 mihi
1335 1518 1517 1584 gloriae
1545 1519 1608 1569 sit
1644 1537 1706 1569 ex
1741 1537 1885 1584 quae-

218 1613 378 1652 sturae
415 1604 562 1652 laude
599 1603 954 1665 repetendum:
1000 1602 1089 1650 sed
1124 1610 1290 1649 tamen
1327 1617 1429 1650 non
1462 1617 1636 1650 vereor
1670 1617 1735 1651 ne
1776 1601 1884 1665 quis

217 1685 398 1734 audeat
424 1685 587 1734 dicere
611 1684 756 1733 ullius
789 1684 840 1732 in
865 1683 1030 1733 Sicilia
1059 1692 1373 1746 quaesturam
1404 1692 1490 1732 aut
1521 1681 1775 1732 clariorem
1799 1693 1884 1734 aut

217 1765 476 1827 gratiorem
502 1765 662 1814 fuisse.
728 1781 844 1843 vege
866 1781 946 1813 me
971 1765 1169 1814 hercule
1192 1765 1291 1813 hoc
1314 1763 1502 1813 dicam:
1538 1763 1608 1812 sic
1631 1772 1739 1812 tum
1764 1763 1882 1812 exis·
1904 1784 1944 1805 22

218 1846 467 1907 timabam,
495 1847 616 1895 nihil
650 1846 877 1896 homines
901 1845 1037 1894 aliud
1063 1847 1257 1894 Romae
1281 1844 1374 1893 nisi
1398 1846 1462 1894 de
1486 1853 1748 1907 quaestura
1771 1861 1882 1893 mea

216 1927 366 1991 loqui.
451 1927 682 1977 frumenti
726 1927 779 1976 in
827 1944 1020 1976 summa
1066 1926 1267 1975 caritate
1311 1925 1582 1974 maximum
1621 1941 1880 1974 numerum

217 2007 466 2058 miseram:
502 2008 894 2071 negociatoribus
927 2007 1096 2069 comis,
1123 2006 1474 2056 mercatoribus
1503 2005 1670 2065 iustus,
1697 2006 1881 2055 manci-

216 2089 359 2151 pibus
382 2089 608 2149 liberalis,
635 2088 780 2138 sociis
805 2088 1070 2148 abstinens,
1097 2088 1327 2136 omnibus
1356 2104 1490 2136 eram
1514 2087 1645 2136 visus
1669 2086 1720 2136 in
1745 2086 1881 2136 omni

217 2169 380 2220 officio
421 2169 820 2233 diligentissimus
838 2189 852 2231 3
901 2168 1164 2231 excogitati
1205 2167 1408 2231 quidam
1455 2177 1592 2217 erant
1637 2184 1667 2216 a
1706 2166 1880 2216 Siculis
1902 2189 1946 2221 95

217 2252 429 2300 honores
466 2251 517 2300 in
557 2267 639 2301 me
679 2249 913 2301 inauditi:
981 2250 1147 2312 itaque
1188 2250 1282 2297 hac
1322 2266 1408 2312 spe
1448 2249 1774 2308 decedebam,
1824 2258 1878 2298 ut

217 2331 337 2379 mihi
371 2332 611 2394 populum
643 2333 929 2379 Romanum
963 2331 1091 2377 ultro
1126 2328 1295 2377 omnia
1329 2329 1607 2376 delaturum
1639 2336 1877 2390 putarem.

216 2421 266 2460 at
290 2427 381 2475 ego
413 2428 527 2459 cum
559 2427 675 2459 casu
701 2409 875 2459 diebus
903 2409 972 2458 eis
1001 2409 1186 2458 itineris
1218 2407 1430 2458 faciendi
1461 2425 1608 2457 causa
1631 2409 1880 2459 decedens

218 2509 246 2541 e
279 2492 531 2555 provincia
554 2493 786 2541 Puteolos
821 2493 946 2540 forte
969 2491 1230 2548 venissem,
1256 2507 1370 2540 cum
1403 2489 1602 2554 plurimi
1633 2498 1682 2539 et
1716 2490 1879 2539 lautis-

218 2573 328 2621 simi
351 2573 402 2621 in
435 2574 504 2623 eis
529 2573 649 2623 locis
682 2574 842 2622 solent
875 2589 995 2632 esse,
1022 2572 1219 2622 concidi
1248 2589 1422 2636 paene,
1448 2571 1648 2631 iudices,
1674 2587 1787 2619 cum
1819 2588 1879 2621 ex
1901 2590 1942 2620 32

219 2670 299 2702 me
323 2654 525 2716 quidam
557 2653 827 2716 quaesisset
860 2669 960 2716 quo
992 2654 1074 2702 die
1098 2655 1264 2702 Roma
1290 2652 1499 2703 exissem
1523 2662 1571 2701 et
1596 2669 1716 2701 num
1740 2653 1879 2716 quid-

220 2752 335 2784 nam
371 2744 499 2783 esset
538 2734 666 2782 novi.
752 2733 833 2780 cui
871 2749 985 2780 cum
1025 2732 1404 2795 respondissem,
1448 2748 1529 2781 me
1563 2748 1594 2781 e
1626 2732 1879 2795 provincia

221 2815 481 2863 decedere:
523 2812 691 2861 ‘etiam
726 2827 808 2861 me
843 2812 1064 2861 hercule²
1088 2811 1247 2875 inquit
1274 2817 1349 2861 ‘ut
1382 2811 1571 2876 opinor,
1599 2829 1659 2862 ex
1682 2812 1876 2861 Africa?
