2046 3112
117 126 223 176 VII
254 123 335 192 17]
454 123 605 174 PRO
655 123 767 173 CN.
803 122 1139 173 PLANCIO
1189 120 1471 171 ORATIO
1759 135 1784 183 7

118 233 357 299 spectatio
392 233 753 297 suffragiorum:
794 233 931 295 nihil,
968 243 1024 284 ut
1058 236 1350 298 plerumque
1385 231 1562 294 evenit,
1600 243 1791 296 praeter

0 291 2 380 i
117 316 404 380 opinionem
428 316 650 378 accidet3
689 318 824 365 nulla
861 316 951 366 erit
985 318 1194 380 posthac
1218 316 1425 365 varietas
1460 315 1787 365 comitiorum.

118 397 194 446 sin
229 398 326 446 hoc
361 412 599 460 persaepe
637 397 833 456 accidit,
859 405 915 445 ut
949 406 1000 445 et
1032 398 1188 446 factos
1219 396 1411 458 aliquos
1435 404 1485 444 et
1507 411 1611 445 non
1635 397 1791 445 factos

117 494 225 528 esse
259 477 505 537 miremur,
533 477 573 527 si
609 494 813 541 campus
849 487 1001 541 atque
1035 478 1149 528 illae
1180 479 1345 527 undae
1380 476 1705 536 comitiorum,
1736 487 1792 526 ut

74 574 251 610 smare
292 559 592 622 profundum
639 566 691 607 et
736 557 1050 618 immensum,
1091 557 1162 607 sic
1202 560 1525 607 effervescunt
1572 558 1791 620 quodam

117 641 258 704 quasi
292 650 447 699 aestU,
474 650 526 689 ut
562 641 626 689 ad
661 641 784 690 alios
818 643 1076 702 accedant,
1102 642 1167 690 ab
1201 640 1308 689 aliis
1342 648 1508 689 autem
1540 639 1790 699 recedant,

116 729 283 770 tamen
308 738 402 770 nos
437 721 487 769 in
518 721 707 784 impetu
733 722 1011 771 studiorum
1036 731 1085 771 et
1109 730 1249 770 motu
1272 718 1560 770 temeritatis
1583 720 1791 769 modum

115 801 334 864 aliquem
366 811 415 850 et
451 801 712 850 consilium
748 811 799 851 et
833 803 1076 851 rationem
1107 802 1446 864 requiremus?
1514 816 1665 864 quare
1688 799 1791 849 noli
1816 802 1876 850 16

115 897 197 931 me
222 883 287 932 ad
310 884 683 932 contentionem
708 891 924 932 vestrum
946 899 1138 944 vocare,
1165 881 1458 932 Laterensis.
1531 881 1715 931 etenim
1751 881 1793 931 si

53 988 92 1010 ιο
115 965 302 1027 populo
325 973 462 1028 grata
486 973 560 1013 est
577 966 772 1025 tabella,
791 981 918 1027 quae
941 964 1114 1014 frontis
1138 965 1294 1027 aperit
1317 964 1590 1023 hominurn,
1611 962 1793 1012 mentis

115 1044 236 1108 tegit
260 1046 444 1108 datque
476 1061 586 1094 eam
618 1045 910 1106 libertatem,
938 1054 994 1093 ut
1018 1046 1155 1108 quod
1180 1044 1335 1094 velint
1366 1044 1562 1105 faciant,
1587 1043 1791 1107 promit-

115 1135 223 1176 tant
257 1135 423 1175 autem
461 1127 599 1190 quod
630 1137 878 1190 rogentur,
905 1143 993 1175 cur
1026 1135 1081 1175 tu
1116 1126 1169 1176 id
1203 1126 1256 1175 in
1291 1126 1477 1176 iudicio
1506 1136 1561 1176 ut
1592 1128 1678 1175 fiat
1713 1142 1792 1175 ex-

115 1207 298 1270 primis,
326 1207 463 1270 quod
489 1224 590 1256 non
615 1209 669 1255 fit
692 1209 745 1255 in
770 1210 980 1271 campo?
1034 1207 1136 1256 ‘hic
1160 1223 1312 1270 quam
1335 1207 1417 1256 ille
1447 1207 1660 1270 dignior'
1685 1224 1792 1271 per·

116 1303 267 1350 quam
301 1304 446 1351 grave
483 1296 558 1336 est
592 1287 740 1337 dictu.
814 1304 917 1351 quo
949 1289 1103 1337 modo
1135 1287 1282 1351 igitur
1312 1295 1388 1336 est
1418 1288 1652 1351 aequius?
1720 1286 1792 1336 sic

56 1388 94 1420 ¹5
115 1370 288 1419 credo:
324 1370 462 1439 quod
477 1368 648 1433 agitur,
667 1370 803 1432 quod
820 1369 937 1419 satis
957 1379 1031 1419 est
1046 1369 1223 1420 iudici:
1265 1370 1367 1419 ‘hic
1384 1372 1541 1419 factus
1557 1370 1660 1420 est.’
1704 1387 1792 1418 cur

114 1449 209 1500 iste
231 1450 395 1513 potius
420 1466 571 1513 quam
597 1452 722 1514 ego?
767 1453 847 1500 vel
873 1450 1041 1506 nescio
1065 1452 1144 1500 vel
1175 1467 1279 1500 non
1307 1450 1422 1500 dico
1445 1452 1524 1501 vel
1555 1451 1790 1514 denique,

115 1533 253 1596 quod
277 1532 398 1581 mihi
421 1532 764 1596 gravissimum
789 1541 933 1594 esset,
960 1532 1001 1581 si
1025 1531 1256 1592 dicerem,
1283 1533 1372 1581 sed
1395 1531 1598 1595 impune
1622 1541 1791 1581 tamen

115 1615 350 1664 deberem
383 1613 570 1664 dicere:
617 1630 720 1664 non
754 1622 901 1663 recte.
975 1629 1093 1662 nam
1128 1613 1248 1676 quid
1280 1613 1618 1676 adsequerere,
1645 1612 1685 1662 si
1708 1613 1791 1662 illa

115 1703 336 1744 extrema
371 1692 660 1744 defensione
695 1702 870 1755 uterer,
895 1695 1138 1758 populum
1170 1693 1308 1756 quod
1331 1693 1567 1743 voluisset
1597 1693 1786 1753 fecisse,

50 1799 92 1822 20
114 1794 218 1828 non
242 1779 380 1841 quod
403 1777 691 1828 debuisset?

215 1860 322 1908 VII
395 1858 567 1920 Quid?
614 1858 656 1907 si
695 1860 868 1923 populi
909 1876 1110 1924 quoque
1145 1861 1330 1910 factum
1371 1861 1603 1921 defendo,
1648 1862 1790 1909 Late·
1814 1863 1876 1911 17

114 1941 285 2002 rensiS,
313 1949 361 1990 et
386 1942 546 1990 doceo
583 1942 676 1990 Cn.
705 1941 963 1991 Plancium
995 1959 1100 1992 non
1132 1942 1408 2005 obrepsisse
1433 1944 1497 1992 ad
1531 1944 1787 2000 honorem,

115 2024 206 2073 sed
240 2039 303 2073 eo
332 2021 527 2072 venisse
561 2039 719 2083 cursu,
754 2022 840 2087 qui
875 2040 1070 2087 semper
1103 2024 1317 2088 patuerit
1350 2024 1636 2074 hominibus
1671 2024 1790 2075 ortis

115 2105 214 2155 hoc
254 2113 424 2153 nostro
463 2104 679 2167 equestri
723 2106 851 2167 Ιοοο,
895 2122 1166 2170 possumne
1201 2106 1388 2170 eripere
1429 2107 1640 2157 orationi
1676 2116 1791 2157 tuae

51 2200 92 2232 25
116 2185 489 2236 contentionem
524 2195 756 2248 vestrum,
798 2203 928 2250 quae
968 2188 1163 2237 tractari
1201 2187 1307 2238 sine
1343 2190 1648 2238 contumelia
1685 2205 1790 2238 non

115 2278 295 2333 potest,
321 2277 372 2317 et
394 2277 444 2318 te
467 2269 534 2318 ad
557 2285 756 2318 causam
780 2269 1047 2334 aliquando
1071 2271 1358 2334 crimenque
1390 2272 1667 2320 deducere?
1734 2270 1788 2330 si,

117 2350 256 2413 quod
289 2347 469 2411 equitis
495 2349 712 2398 Romani
746 2349 874 2399 filius
910 2359 1000 2410 est,
1025 2349 1226 2401 inferior
1259 2367 1367 2401 esse
1403 2352 1590 2412 debuit,
1617 2368 1790 2401 omnes

117 2439 282 2480 tecum
312 2428 535 2491 equitum
562 2430 905 2478 Romanorum
930 2429 1016 2478 filii
1040 2431 1331 2494 petiverunt.
1404 2430 1525 2481 nihil
1549 2431 1663 2481 dico
1686 2449 1790 2481 am-

118 2511 269 2575 plius:
302 2511 402 2559 hoc
436 2518 605 2559 tamen
639 2510 801 2572 miror,
832 2529 921 2561 cur
953 2513 1070 2561 huic
1104 2513 1417 2577 potissimum
1452 2514 1674 2575 irascare,
1706 2514 1791 2578 qui

53 2608 96 2640 30
119 2591 404 2655 longissime
437 2607 469 2639 a.
501 2600 551 2641 te
579 2591 715 2642 afuit.
788 2593 1036 2656 equidem,
1063 2595 1104 2643 si
1136 2597 1353 2658 quando,
1380 2605 1435 2645 ut
1466 2597 1534 2656 fit,
1561 2595 1716 2646 iactor
1738 2596 1790 2645 in

119 2673 277 2732 turba,
304 2687 406 2719 non
441 2671 580 2720 illum
616 2689 810 2728 accuso,
835 2674 922 2735 qui
958 2683 1032 2723 est
1066 2673 1119 2723 in
1155 2691 1348 2724 summa
1382 2691 1519 2724 sacra
1552 2675 1645 2737 via,
1675 2694 1790 2726 cum

119 2768 213 2816 ego
235 2753 301 2800 ad
321 2751 530 2801 Fabium
554 2753 792 2818 fornicem
816 2753 1055 2817 impellor,
1076 2756 1165 2804 sed
1189 2772 1318 2817 eum,
1340 2757 1426 2819 qui
1448 2757 1499 2804 in
1523 2773 1604 2807 me
1628 2757 1788 2822 ipsum

118 2831 319 2881 incurrit
341 2839 492 2894 atque
515 2831 698 2883 incidit.
761 2842 815 2883 tu
839 2850 1002 2898 neque
1028 2835 1089 2897 Q.
1118 2836 1288 2896 Pedio,
1316 2836 1428 2886 forti
1451 2836 1569 2898 viro,
1596 2854 1791 2891 suscen-
