2046 3112
139 172 237 220 xx
261 168 346 238 49]
450 171 601 221 PRO
654 172 763 221 CN.
803 171 1137 221 PLANCIO
1189 170 1335 220 ORA
1346 172 1470 221 rso
1740 188 1798 234 19

134 282 263 332 tribu
290 279 559 340 Plancium,
587 282 725 344 quod
749 280 914 330 multis
938 280 1152 344 benigne
1175 281 1359 342 fecerit,
1384 297 1475 344 pro
1502 282 1670 331 multis
1693 298 1803 345 spo·

133 361 376 426 ponderit‚
416 361 467 410 in
515 378 690 424 operas
738 362 974 424 plurimos
1020 360 1171 425 patris
1217 361 1509 411 auctoritate
1555 371 1606 411 et
1650 360 1804 425 gratia

133 440 332 502 miserit,
354 442 501 504 ¹quod
536 442 752 504 denique
787 441 1018 491 omnibus
1054 441 1226 491 officiis
1261 458 1350 505 per
1381 457 1448 502 se,
1478 457 1565 505 per
1596 452 1801 505 patrem,

132 539 221 587 per
243 522 452 572 maiores
485 539 600 572 suos
630 533 786 571 totam
810 523 1063 572 Atinatem
1095 525 1448 587 praefecturam
1480 524 1797 586 comprehen-

91 631 110 659 ⁵
132 603 269 664 derit,
295 601 364 652 sic
388 613 441 651 tu
473 604 600 653 doce
633 611 935 666 sequestrem
967 602 1128 662 fuisse,
1154 602 1381 666 largitum
1412 618 1535 663 esse,
1561 603 1804 667 conscrip-

130 684 264 746 sisse,
301 682 489 733 tribulis
524 683 864 733 decuriavisse.
918 684 1054 746 quod
1090 682 1131 731 si
1162 699 1264 731 non
1298 692 1455 745 poteS,
1492 681 1595 731 noli
1630 684 1802 733 tollere

130 781 191 814 ex
220 765 396 814 ordine
432 775 601 814 nostro
635 764 993 825 liberalitatem,
1025 764 1128 814 noli
1159 764 1455 814 maleficium
1489 774 1663 828 putare
1694 781 1801 814 esse

128 845 346 909 gratiam,
374 845 475 894 noli
500 844 863 894 observantiam
888 844 1076 894 sancire
1100 861 1281 907 poena.

221 929 400 990 Itaque
409 926 736 976 haesitantem
755 936 804 975 te
821 926 871 975 in
880 927 977 975 hoc
993 925 1338 975 sodaliciorum
1349 926 1580 977 tribuario
1596 926 1799 978 crimine

70 1036 110 1058 ιο
129 1011 195 1059 ad
226 1025 545 1059 communem
580 1008 793 1057 ambitus
817 1024 1015 1056 causam
1040 1006 1377 1069 contulisti,in
1402 1025 1501 1071 qua
1519 1009 1800 1059 desinamus

127 1091 411 1155 aliquando,
439 1091 480 1139 si
501 1089 707 1149 videtur,
732 1088 918 1153 volgari
941 1099 991 1139 et
1014 1100 1278 1153 pervagata
1301 1091 1662 1142 declamatione
1686 1109 1800 1142 con-

128 1172 342 1220 tendere.
416 1170 486 1219 sic
523 1169 656 1218 enirn
691 1179 857 1218 tecum
888 1185 1013 1234 ago:
1049 1186 1198 1234 quam
1226 1170 1317 1219 tibi
1349 1173 1669 1221 commodum
1706 1183 1792 1236 est,
1819 1183 1884 1232 48

127 1253 306 1302 tribum
343 1268 494 1300 unam
533 1250 720 1314 delige:
759 1260 813 1300 tu
853 1253 995 1313 doce,
1034 1251 1086 1301 id
1128 1253 1264 1315 quod
1303 1253 1474 1314 debes,
1513 1270 1602 1317 per
1647 1271 1797 1318 quem

127 1343 441 1398 sequestrem,
469 1350 570 1396 quo
603 1333 814 1384 divisore
846 1343 1075 1398 corrupta
1103 1334 1194 1382 sit:
1229 1350 1336 1398 eg0,
1365 1335 1405 1383 si
1428 1334 1480 1383 id
1503 1337 1663 1385 facere
1693 1353 1796 1386 non

69 1441 106 1470 15
126 1414 355 1477 potueriS,
383 1415 534 1476 quod,
564 1422 618 1462 ut
648 1413 817 1477 opinio
849 1430 964 1463 mea
993 1415 1097 1473 fert,
1123 1430 1188 1463 ne
1223 1413 1428 1477 incipies
1464 1415 1681 1478 quidem,
1708 1434 1798 1480 per

126 1513 274 1559 quem
305 1495 468 1545 tulerit
494 1495 703 1545 docebo.
776 1506 916 1564 estne
947 1497 1072 1545 haec
1094 1512 1210 1545 vera
1244 1496 1536 1547 contentio?
1569 1500 1796 1561 placetne

126 1579 195 1627 sic
218 1578 334 1642 agi?
400 1594 520 1626 num
547 1594 751 1641 possum
783 1577 938 1643 magis
968 1580 1150 1642 pedem
1181 1580 1417 1640 conferre,
1444 1589 1499 1628 ut
1533 1579 1685 1642 aiunt,
1711 1593 1795 1631 aut

124 1661 326 1724 propius
367 1662 640 1711 accedere?
730 1658 852 1725 quid
892 1663 1064 1711 taces?
1131 1660 1252 1724 quid
1292 1661 1607 1711 dissimulas?
1675 1663 1793 1726 quid

124 1741 448 1804 tergiversaris
464 1745 486 1790 ?
534 1742 680 1791 etiarn
706 1753 856 1805 atque
880 1741 1029 1792 etiam
1052 1740 1184 1791 insto
1207 1750 1357 1805 atque
1380 1758 1544 1805 urgeo,
1564 1741 1790 1803 insector,

0 1811 1 1870 Ξ
62 1853 105 1875 20
123 1838 278 1885 posco
323 1831 473 1884 atque
522 1824 650 1872 adeo
699 1822 865 1886 flagito
910 1821 1109 1871 crimen.
1185 1837 1549 1885 quamcumque
1595 1824 1790 1884 tribum,

123 1902 340 1966 inquam,
381 1903 632 1966 delegeris,
681 1919 831 1966 quam
883 1903 1046 1952 tulerit
1097 1903 1340 1964 Plancius,
1372 1913 1425 1952 tu
1461 1904 1724 1966 ostendito,
1753 1906 1793 1954 si

122 1985 352 2048 potueris,
395 1984 598 2034 vitium:
648 2002 741 2049 ego
777 2001 876 2049 qua
908 1986 1099 2034 ratione
1147 1985 1311 2035 tulerit
1349 1986 1556 2036 docebo,
1628 2004 1792 2051 neque

122 2064 212 2114 erit
257 2067 381 2114 haec
422 2065 518 2115 alia
562 2066 686 2115 ratio
729 2065 932 2115 Plancio
974 2082 1033 2114 ac
1073 2065 1175 2128 tibi,
1221 2066 1513 2116 Laterensis,
1586 2084 1702 2116 nam
1738 2078 1790 2118 ut

123 2163 244 2209 quas
273 2146 427 2196 tribus
463 2157 517 2196 tu
554 2148 718 2209 tulisti,
749 2148 790 2196 si
825 2148 923 2197 iam
949 2165 1008 2197 ex
1031 2157 1080 2198 te
1103 2148 1362 2211 requiram,
1389 2149 1548 2212 possis
1580 2166 1787 2214 quorum

62 2255 101 2284 25
122 2227 285 2275 studio
333 2227 497 2276 tuleris
547 2227 803 2291 explicare,
857 2228 927 2276 sie
984 2244 1077 2292 ego
1131 2229 1230 2277 hoc
1269 2230 1538 2289 contendo,
1579 2247 1659 2280 me
1701 2230 1789 2281 tibi

120 2307 214 2371 ipsi
266 2307 557 2369 adversario,
595 2308 949 2372 cuiuscumque
996 2309 1148 2358 tribus
1194 2309 1437 2359 rationem
1483 2312 1786 2375 poposceris,

122 2388 441 2438 redditurum.

220 2473 319 2519 XX
390 2473 491 2521 Sed
513 2488 599 2519 cur
623 2471 693 2520 sic
715 2476 847 2535 ago?
882 2473 1022 2535 quasi
1047 2490 1149 2522 non
1174 2474 1386 2523 comitiis
1411 2474 1507 2523 iarn
1533 2474 1787 2538 superiori·
1809 2485 1872 2532 49

120 2552 211 2601 bus
247 2552 309 2601 sit
345 2553 572 2602 Plancius
608 2554 889 2617 designatus
924 2555 1125 2604 aedilis:
1180 2572 1308 2618 quae
1344 2556 1546 2606 comitia
1574 2558 1787 2621 primum

60 2655 100 2685 30
119 2633 300 2682 habere
333 2633 498 2696 coepit
522 2635 693 2682 consul
718 2650 831 2682 cum
860 2635 1090 2683 omnibus
1115 2634 1166 2683 in
1190 2638 1334 2685 rebus
1359 2653 1551 2686 summa
1582 2639 1787 2688 auctori-

43 2739 45 2741 ·
119 2721 219 2762 tate
235 2722 340 2761 tum
355 2714 524 2761 harum
542 2713 755 2776 ipsarum
774 2715 939 2778 legum
958 2716 1171 2765 ambitus
1187 2726 1359 2765 auctor
1368 2735 1383 2779 3
1406 2718 1588 2767 deinde
1606 2720 1786 2768 habere

121 2791 284 2854 coepit
309 2793 470 2841 subito
494 2803 687 2856 praeter
711 2794 997 2856 opinionem
1030 2795 1267 2856 omnium,
1292 2806 1348 2845 ut
1371 2813 1434 2846 ne
1460 2791 1500 2847 si
1524 2798 1786 2861 cogitasset

121 2872 322 2935 quidem
353 2873 512 2936 largiri
542 2873 800 2938 quispiam,
825 2876 1023 2925 daretur
1052 2877 1264 2940 spatium
1294 2879 1626 2942 comparandi.
1699 2896 1783 2929 vo-

1502 2988 1638 3027 2-—2
