2046 3112
265 147 324 193 32
773 145 924 195 PRO
974 144 1086 194 CM
1126 145 1458 195 PLANCIO
1615 143 1712 212 [XI
1746 141 1933 210 §27-2

262 253 375 292 ribus
401 258 443 292 et
469 251 699 293 cuiusmodi
727 251 907 291 virorum
934 250 1088 291 iudicio
1108 251 1184 292 Cn.
1212 251 1370 292 Plancii
1395 265 1530 292 mores
1549 253 1805 306 comprobati
1824 253 1921 294 sint.

263 306 387 358 Quod
408 306 541 358 ipsum
562 306 700 345 statim
718 306 935 357 vigilanter
954 319 1051 357 erga
1069 319 1287 357 personam
1306 306 1506 358 Torquati
1525 306 1636 352 facit,
1657 307 1771 347 cuius
1788 307 1933 359 gravi-v

263 367 389 399 tatem
409 366 450 399 et
468 360 781 399 sanctimoniam
801 372 884 398 non
904 358 1034 399 otiose
1061 358 1299 399 testificatus
1326 365 1402 404 est,
1432 360 1503 399 sed
1532 373 1615 412 quo
1642 361 1773 412 magis
1803 361 1925 400 Plan-

263 414 348 453 cius
366 420 589 459 ornaretur‚
609 425 732 465 quem
752 412 1006 451 familiariter
1023 411 1094 452 ille
1122 412 1322 452 dilexerit.
1383 413 1439 452 Et
1465 414 1661 465 quoniam
1690 415 1925 466 Torquatus

262 467 372 507 idem
401 480 592 519 praesens
620 479 703 505 non
731 473 831 511 erat,
853 466 895 504 in
924 466 1009 505 eius
1038 467 1265 518 patruelem
1294 466 1582 506 conferendam
1606 468 1766 519 putavit
1791 468 1924 507 vicem

262 521 496 569 testimonii,
521 527 565 560 ut
584 520 754 572 perinde
781 519 1013 566 haberetur,
1034 526 1158 572 atque
1181 519 1215 559 si
1238 519 1398 559 adesset
1417 520 1465 569 is,
1489 520 1603 560 cuius
1622 520 1797 560 validior
1815 528 1922 561 esset

263 575 498 615 auctoritas.
546 583 707 614 scHOL.
729 583 871 614 ΑΜΒΚ.

340 664 371 701 1.
393 665 455 701 18.
509 663 557 700 Α.
577 660 813 710 Torquato]
841 660 1001 700 Aulus
1030 660 1248 701 Manlius
1267 660 1550 713 Torquatus
1576 676 1661 702 was
1679 670 1924 716 propraetor

262 715 304 754 in
324 716 465 754 Africa
492 724 643 754 A.U.C.
676 712 850 763 677=B.
865 724 902 754 C.
940 716 1005 764 78.
1064 714 1126 753 Of
1147 715 1210 755 his
1239 713 1326 755 first
1353 716 1495 755 cousin
1526 716 1684 768 (frater
1699 717 1924 769 patruelis)

263 770 343 808 and
360 768 651 808 father-in-law
668 768 812 807 Titus
832 767 1052 808 Manlius
1071 768 1122 808 T.
1146 768 1182 806 s.
1202 769 1502 820 Torquatus,
1527 769 1620 808 who
1639 770 1739 810 bore
1758 770 1925 810 witness

262 836 316 862 on
335 822 480 862 behalf
494 822 541 861 of
555 822 758 869 Plancius,
784 821 930 860 Cicero
950 821 1044 861 thus
1063 822 1212 874 speaks
1231 821 1273 861 in
1292 822 1363 861 the
1384 823 1533 862 Brutus
1552 825 1573 871 ἓ
1595 834 1671 873 245
1688 838 1698 863 τ
1735 824 1782 863 Τ.
1811 825 1924 864 Tor-

262 882 441 928 quatus
471 877 522 914 T.
542 877 594 914 F.
614 881 650 914 et
667 875 803 914 doctus
821 875 892 914 vir
908 888 959 914 ex
985 875 1146 915 Rhodia
1174 876 1396 928 disciplina
1425 877 1620 922 Molonis,
1648 882 1687 916 et
1711 890 1738 916 a
1766 884 1925 917 natura

261 931 319 969 ad
350 930 559 969 dicendum
589 929 689 968 satis
724 930 878 968 solutus
906 934 1027 980 atque
1055 930 1271 980 expeditus,
1307 929 1379 968 cui
1404 929 1443 968 si
1469 930 1555 968 vita
1584 931 1922 982 suppeditavisset,

260 984 415 1022 sublato
444 983 599 1022 ambitu
627 983 770 1023 consul
785 982 930 1034 sactus
956 987 1063 1029 esset,
1085 983 1187 1034 plus
1202 982 1423 1034 facultatis
1452 983 1596 1022 habuit
1625 985 1686 1023 ad
1709 985 1925 1025 dicendum

261 1051 385 1090 quam
404 1037 636 1077 voluntatis.
1591 1043 1595 1047 ’

341 1126 369 1163 1.
403 1127 467 1163 19.
522 1126 585 1162 sic
612 1125 798 1163 dilectus
826 1125 896 1162 est
920 1122 990 1172 ut]
1017 1135 1084 1174 cp.
1110 1123 1131 1170 §
1153 1122 1203 1162 28
1231 1122 1260 1161 l.
1287 1135 1321 1170 1,
1345 1134 1407 1161 or.
1426 1135 1467 1174 p.
1493 1121 1598 1162 Sest.
1624 1121 1691 1170 §6
1718 1122 1789 1162 sic
1814 1123 1927 1162 hunc

260 1177 395 1228 diligit
420 1183 476 1216 ut
496 1178 656 1229 potestis
679 1177 874 1222 iudicare,
895 1176 966 1215 i.e.
994 1177 1004 1195 ‘
1017 1189 1098 1227 you
1121 1189 1216 1227 may
1231 1176 1360 1228 judge
1377 1175 1473 1215 how
1491 1175 1593 1215 fond
1611 1176 1646 1215 is
1665 1177 1718 1216 he
1736 1176 1786 1216 of
1806 1175 1924 1216 him.’

262 1231 555 1281 sanctissimo]
583 1232 605 1279 ἕ
629 1243 674 1270 12
695 1231 725 1270 1.
748 1242 810 1280 30,
835 1232 856 1279 §
878 1242 926 1281 32
949 1230 978 1268 l.
996 1241 1064 1280 27.

340 1322 371 1359 1.
392 1323 454 1359 20.
510 1320 784 1359 contubernii
809 1318 1100 1367 necessitudo]
1133 1321 1144 1340 ‘
1159 1317 1229 1358 the
1257 1317 1454 1369 intimacy
1480 1318 1633 1370 arising
1658 1318 1765 1358 from
1791 1318 1924 1371 living

261 1371 481 1426 together.'
537 1374 604 1412 Ita
631 1379 728 1412 tunc
756 1385 846 1411 mos
874 1378 972 1420 erat,
1006 1379 1050 1411 ut
1078 1372 1361 1412 adulescentes
1394 1373 1635 1424 quotidiano
1662 1373 1854 1412 convictu
1881 1383 1923 1413 et

261 1440 448 1467 sermone
476 1427 677 1466 clarorum
701 1427 879 1465 virorum
904 1426 1254 1465 administrandae
1281 1426 1379 1477 reip.
1405 1425 1619 1465 scientiam
1646 1426 1917 1478 perciperent.

262 1482 331 1525 Sic
353 1481 401 1520 L.
427 1481 585 1521 Gellius
612 1481 662 1522 C.
688 1479 893 1519 Carbonis
921 1479 964 1518 in
992 1480 1204 1518 consulatu
1235 1479 1612 1519 contubernalis
1639 1479 1741 1527 fuit;
1769 1493 1811 1518 v.
1830 1480 1922 1520 Cic.

261 1535 374 1574 Brut.
396 1537 416 1582 ξ
441 1546 529 1584 105.
599 1534 668 1573 Sic
695 1534 754 1573 M.
781 1533 945 1573 Caelius
975 1533 1026 1583 Q.
1052 1533 1252 1584 Pompeio
1279 1533 1514 1585 proconsuli
1542 1533 1922 1573 contubernalis

260 1591 303 1628 in
322 1589 507 1627 Africam
527 1594 587 1628 est
607 1587 838 1640 profectus;
866 1600 906 1628 V.
930 1593 1033 1627 orat.
1058 1600 1134 1639 pro
1154 1587 1244 1639 ipso
1263 1588 1285 1635 ἓ
1307 1598 1370 1638 73.
1422 1587 1533 1625 MAN
1542 1596 1678 1626 UTIUS
1697 1587 1751 1626 ad
1769 1599 1829 1626 or.
1845 1600 1922 1640 pro

261 1643 363 1683 Sull.
388 1644 409 1690 ἓ
431 1656 495 1693 34.

338 1724 370 1760 1.
390 1726 454 1761 24.
511 1732 609 1762 cum
626 1721 721 1771 illo]
750 1734 804 1761 sc.
825 1721 881 1761 A.
902 1722 1128 1774 Torquato.
1204 1720 1420 1770 laude]=‘
1437 1719 1600 1771 worth,’
1623 1721 1797 1763 ‘merit.’

338 1806 417 1852 qui
443 1807 512 1843 est
539 1803 732 1853 quidem]
780 1804 831 1843 In
860 1803 942 1843 this
966 1803 1070 1843 form
1096 1804 1165 1843 ille
1189 1803 1224 1842 is
1249 1817 1363 1843 more
1387 1804 1550 1855 usually
1573 1804 1753 1845 inserted
1779 1806 1922 1846 before

259 1858 451 1910 quidem:
486 1870 548 1909 cp.
579 1860 601 1906 ἓ
629 1869 675 1897 21
709 1858 736 1896 l.
761 1868 798 1908 7,
827 1858 919 1908 §52
949 1857 979 1896 1.
1002 1869 1065 1908 25,
1098 1870 1157 1897 or.
1192 1857 1372 1909 Philipp.
1408 1868 1444 1897 11
1473 1857 1540 1905 §6
1567 1858 1614 1897 in
1642 1859 1716 1898 illa
1742 1861 1919 1911 querella

259 1913 407 1952 misera
425 1912 585 1964 quidem
603 1917 642 1951 et
659 1912 839 1950 luctuosa
857 1911 928 1950 sed
942 1912 1331 1957 milii...necessaria‚
1352 1911 1452 1950 with
1473 1910 1654 1963 Mayor’s
1672 1919 1784 1952 note.

337 1983 525 2020 vinculis
552 1981 912 2027 propinquitatis,
941 1992 985 2019 as
1012 1979 1100 2018 first
1124 1978 1282 2026 cousin,
1307 1980 1567 2028 adfinitatis,
1594 1992 1639 2019 as
1665 1981 1916 2022 son-iniaw.

260 2034 330 2076 On
348 2034 420 2075 the
438 2034 616 2085 genitive
636 2046 703 2073 see
722 2047 764 2072 n.
785 2039 828 2072 to
848 2035 868 2082 ἓ
889 2046 936 2073 21
961 2033 990 2072 1.
1015 2035 1077 2073 18.

338 2115 369 2152 1.
390 2118 450 2153 26.
511 2116 847 2153 necessitudinis
884 2113 1058 2163 causae]
1095 2127 1323 2154 :causae
1354 2127 1478 2166 quae
1506 2119 1618 2154 sunt
1646 2115 1844 2167 positae
1870 2116 1919 2156 in

258 2167 643 2215 necessitudine,
670 2170 681 2187 ‘
696 2168 891 2207 relations
916 2168 962 2206 of
985 2169 1096 2207 close
1120 2167 1378 2220 sriendship‚’
1397 2167 1468 2208 the
1494 2168 1704 2207 definitive
1724 2169 1918 2220 genitive,

259 2234 315 2260 on
342 2221 477 2261 which
505 2234 572 2260 see
603 2222 745 2260 Madv.
773 2234 839 2273 ep.
860 2235 914 2261 cr.
940 2222 992 2260 ad
1015 2222 1143 2260 Orell.
1165 2235 1206 2273 p.
1231 2231 1295 2274 79.
1354 2221 1416 2261 Cf.
1441 2223 1463 2270 ξ
1485 2234 1531 2261 21
1555 2222 1583 2261 1.
1608 2224 1669 2271 18,
1693 2222 1776 2261 div.
1797 2223 1840 2262 in
1860 2223 1913 2275 Q.

260 2275 384 2315 Caec.
407 2274 493 2322 §61
522 2275 684 2314 nullam
714 2288 840 2326 neque
865 2276 1072 2314 iustiorem
1100 2287 1225 2326 neque
1242 2275 1469 2327 graviorem
1494 2288 1690 2314 causam
1718 2279 1918 2316 necessi-

259 2329 455 2368 tudinis
473 2335 587 2380 posse
611 2329 780 2380 reperiri
806 2341 931 2380 quam
959 2330 1278 2368 coniunctionem
1301 2330 1429 2377 sortis,
1454 2329 1508 2368 ib.
1537 2331 1558 2377 ἓ
1587 2328 1611 2368 6
1639 2330 1676 2368 si
1699 2331 1806 2369 milti
1827 2344 1918 2370 cum

259 2382 411 2422 Siculis
434 2396 485 2421 ca
495 2396 580 2421 usa
607 2388 745 2421 tantae
768 2383 1142 2422 necessitudinis
1162 2396 1244 2421 non
1263 2383 1471 2431 interesset,
1496 2396 1555 2423 or.
1578 2396 1617 2435 p.
1645 2383 1749 2423 Suu.
1770 2385 1792 2432 ἓ
1812 2396 1862 2434 23
1882 2390 1919 2423 te

258 2450 285 2475 a
305 2450 366 2476 me
379 2442 455 2487 pro
475 2437 637 2487 magnis
655 2437 822 2475 causis
847 2442 1007 2475 nostrae
1032 2436 1419 2476 necessitudinis
1442 2437 1686 2475 monendum
1704 2450 1781 2476 esse
1796 2440 1916 2477 etiam

258 2495 379 2541 atque
399 2491 521 2529 etiam
538 2496 656 2541 puto,
680 2503 741 2528 or.
762 2503 803 2539 p.
835 2489 1003 2539 Quinct.
1024 2492 1045 2538 ἓ
1065 2492 1116 2540 48
1145 2490 1180 2528 is
1207 2490 1373 2542 quicum
1400 2490 1476 2529 tibi
1498 2491 1706 2541 adfinitas,
1738 2492 1912 2540 societas,

258 2557 394 2582 onmes
422 2543 593 2595 denique
628 2557 802 2582 causae
830 2549 869 2582 et
901 2544 1286 2583 necessitudines
1320 2548 1466 2583 veteres
1502 2543 1807 2590 intercedebant,
1846 2559 1911 2598 ep.

259 2597 327 2646 ad*
344 2597 442 2636 fam.
474 2607 564 2636 XIII
596 2609 643 2649 19
667 2598 687 2645 ξ
721 2609 735 2636 1
767 2610 859 2636 cum
886 2598 1042 2648 Lysone
1069 2598 1264 2636 Patrensi
1291 2603 1347 2636 est
1376 2597 1482 2636 mihi
1507 2598 1666 2648 qm'dem
1695 2598 1911 2649 hospitium

259 2656 381 2698 vetus,
414 2664 537 2702 quam
565 2664 630 2702 egv
657 2651 1058 2690 necessitudinem
1077 2657 1211 2690 sancte
1227 2651 1429 2690 colendam
1442 2657 1546 2702 puto
1557 2663 1577 2698 ,⁸
1603 2651 1673 2690 sed
1694 2664 1740 2690 ea
1766 2664 1916 2691 causa

258 2705 378 2743 etiam
392 2717 483 2743 cnm
502 2705 597 2744 aliis
614 2705 898 2756 compluribus,
916 2705 1198 2755 familiaritas
1216 2709 1334 2744 tanta
1353 2705 1469 2744 nullo
1484 2717 1577 2744 cum
1595 2705 1752 2757 hospite.

338 2786 427 2823 fuit
452 2787 501 2823 in
529 2787 754 2831 creta—Q.
783 2785 966 2834 Metelli]
993 2785 1217 2837 gratiosum
1246 2784 1369 2825 fuisse
1394 2784 1525 2825 videri
1547 2791 1721 2837 poterat,
1743 2785 1777 2825 si
1797 2785 1913 2825 adse-

260 2844 415 2878 veraret
444 2850 538 2878 eum
572 2838 796 2880 Saturnino
827 2839 1060 2893 propinquo
1090 2852 1163 2879 suo
1191 2838 1391 2893 placuisse
1405 2851 1420 2888 3
1451 2838 1596 2880 maluit
1627 2839 1681 2879 ad
1715 2839 1911 2879 iudicium
