2046 3112
111 166 312 215 xxxn
346 163 426 232 17]
502 164 654 214 PRO
706 163 814 214 CN.
854 160 1186 210 PLANCIO
1238 158 1516 208 ORATIO
1717 171 1774 217 31

109 285 243 324 tutus
278 273 323 324 ei
359 289 440 322 rne
476 273 737 329 dedebam,
777 269 856 319 cui
892 268 1011 318 nihil
1047 284 1228 331 magno
1265 283 1414 331 opere
1449 266 1697 323 deberem,
1735 274 1775 312 et

108 354 253 403 huius
278 352 425 403 officii
454 352 578 402 tanti
608 351 890 401 servitutem
926 349 1256 411 astringebam
1293 345 1576 396 testimonio
1609 345 1782 408 sempi-

109 444 260 487 terno·
336 434 455 482 nolo
490 443 697 491 caetera,
725 448 853 495 quae
877 447 907 479 a
931 447 1012 479 me
1044 431 1282 478 mandata
1313 438 1426 476 sunt
1454 426 1639 485 litteris,
1666 428 1782 475 reci-

107 525 231 564 tare:
269 513 620 577 praetermitto,
649 530 711 562 ne
736 523 820 562 aut
851 514 1067 576 proferre
1095 510 1266 558 videar
1294 509 1359 556 ad
1391 518 1586 570 tempus
1610 517 1695 556 aut
1719 524 1780 556 eo

69 618 86 647 s
62 573 285 661 genere
309 596 380 644 uti
404 595 689 654 litterarum,
710 596 849 658 quod
873 592 996 642 meis
1021 590 1194 640 studiis
1219 589 1378 653 aptius
1403 604 1551 651 quam
1577 604 1781 637 consue-

109 676 266 727 tudini
291 676 584 725 iudiciorum
613 691 720 724 esse
745 675 980 724 videatur.

66 772 103 802 <2
211 759 387 806 XXXI
460 761 626 819 Atque
663 756 810 805 etiarn
849 754 1086 813 clamitas,
1122 751 1423 802 Laterensis:
1462 755 1592 815 ‘quo
1623 765 1780 811 usque

108 841 199 891 ista
219 839 372 890 dicis?
403 838 524 887 nihil
543 840 593 887 in
609 838 780 901 Cispio
797 837 1067 901 profecisti:
1095 837 1349 885 obsoletae
1366 835 1462 882 iam
1482 843 1596 882 sunt
1612 847 1781 895 preces

108 921 252 971 tuae.'
304 921 368 969 de
403 919 575 982 Cispio
606 918 726 967 mihi
762 918 905 981 igitur
933 917 1132 974 obicies,
1161 932 1310 978 quem
1335 931 1428 977 ego
1454 915 1517 962 de
1548 929 1629 960 me
1653 912 1781 960 bene

1804 757 1878 805 '75‘

49 1029 88 1050 10
110 1001 481 1064 meritum'quia
505 1010 554 1050 te
578 1010 703 1050 teste
727 1015 1008 1062 cognoram,
1036 1008 1085 1046 te
1111 999 1290 1046 eodem
1323 1005 1522 1044 auctore
1551 992 1782 1042 defendi?
1831 1010 1834 1011 ⁷

109 1094 157 1135 et
181 1084 226 1134 ei
251 1075 386 1132 dices
425 1082 777 1145 ‘quousqueP',
804 1097 951 1144 quem
977 1095 1141 1142 negaS‚
1169 1079 1306 1140 quod
1337 1095 1426 1142 pro
1461 1077 1632 1141 Cispio
1667 1093 1782 1130 con-

109 1165 364 1223 tenderim,
391 1164 650 1227 impetrare
683 1162 932 1227 potuisse?
991 1177 1107 1209 nam
1142 1160 1279 1208 istius
1307 1159 1442 1209 verbi
1479 1162 1778 1223 ‘quousque'

109 1256 301 1310 poterat
333 1247 455 1294 haee
487 1262 593 1294 esse
618 1245 823 1294 invidia:
860 1245 1005 1293 datus
1030 1252 1103 1292 est
1127 1241 1216 1291 tibi
1240 1241 1334 1298 ille,
1364 1241 1674 1290 condonatus
1707 1250 1781 1289 est

106 1324 209 1378 ille:
236 1344 339 1377 non
361 1327 480 1376 facis
505 1329 677 1375 finem:
707 1328 831 1375 ferre
849 1342 951 1374 non
970 1341 1253 1388 possumus:
1288 1323 1332 1370 ei
1352 1322 1569 1385 quidem,
1589 1320 1672 1384 qui
1691 1337 1780 1384 pro
1840 1355 1842 1367 .

50 1430 87 1460 rs
109 1424 211 1457 uno
235 1407 480 1467 laborarit,
503 1407 553 1455 id
581 1406 744 1469 ipsum
769 1422 871 1454 non
897 1403 1177 1461 obtinuerit,
1200 1401 1298 1451 dici
1326 1402 1649 1464 ‘quousque?'
1669 1400 1780 1448 inri-

109 1486 271 1536 dentis
306 1485 461 1549 magis
493 1494 568 1534 est
599 1501 749 1548 quam
784 1470 1344 1612 reprehendentigsnisi
1378 1482 1502 1530 forte
1535 1497 1627 1543 ego
1652 1496 1780 1528 unus
1836 1539 1838 1541 Ι

106 1568 175 1618 ita
198 1586 278 1617 me
301 1566 429 1631 gessi
452 1565 504 1613 in
528 1565 733 1626 iudiciis,
754 1564 823 1614 ita
847 1574 896 1614 et
921 1580 1034 1612 cum
1057 1563 1132 1612 his
1175 1572 1207 1612 ‘t
1230 1563 1357 1611 inter
1379 1564 1471 1611 hos
1495 1561 1606 1620 vixi,
1634 1561 1684 1610 in
1710 1562 1779 1611 eis

108 1649 266 1698 causis
297 1659 549 1712 patronus,
577 1647 617 1696 is
649 1647 701 1695 in
733 1664 784 1696 re
815 1646 1014 1710 publica
1046 1644 1162 1694 civis
1190 1654 1238 1693 et
1262 1661 1371 1692 sum
1397 1654 1445 1692 et
1469 1660 1666 1706 semper
1694 1643 1777 1702 fui,

109 1732 240 1778 solus
265 1737 319 1778 ut
342 1746 372 1778 a
395 1738 444 1778 te
469 1728 740 1778 constituar
764 1727 848 1790 qui
872 1726 992 1774 nihil
1012 1726 1298 1775 aiudicibus
1314 1727 1526 1774 debeam
1544 1740 1778 1787 umquam

22 1815 90 1856 '20
108 1810 380 1874 impetrare.
469 1818 517 1859 et
554 1808 674 1857 mihi
711 1808 1018 1856 lacrimulam
1056 1806 1280 1870 Cispiani
1326 1805 1495 1855 iudicii
1541 1805 1775 1855 obiectas.

87 1890 178 1940 'sic
202 1890 334 1940 enim
360 1889 544 1939 dixisti:
585 1887 706 1937 ‘vidi
731 1904 823 1951 ego
848 1896 983 1936 tuam
1008 1885 1341 1934 lacrimulam.'
1389 1885 1502 1935 vide
1526 1902 1674 1949 quam
1700 1902 1780 1934 me

108 1973 244 2023 verbi
278 1972 349 2022 tui
385 1970 666 2035 paeniteat:
707 1986 811 2018 non
842 1969 996 2017 modo
1032 1967 1352 2028 lacrimulam,
1380 1968 1469 2016 sed
1501 1968 1680 2015 multas
1716 1969 1780 2015 la-

109 2053 284 2102 crimas
317 2062 366 2101 et
391 2054 557 2100 fletum
588 2067 703 2099 cum
740 2050 953 2113 singultu
977 2048 1144 2098 videre
1180 2046 1396 2111 potuisti.
1470 2064 1532 2095 an
1560 2063 1667 2110 ego,
1696 2047 1780 2109 qui

108 2150 331 2182 meorum
370 2131 581 2181 lacrimis
622 2148 702 2180 me
748 2132 954 2179 absente
1002 2140 1283 2178 commotus
1325 2129 1612 2187 simultates,
1657 2144 1779 2190 quas

48 2237 89 2267 25
109 2230 306 2263 mecum
330 2214 561 2273 habebat,
587 2211 894 2275 deposuisset
918 2226 1156 2273 meaeque
1183 2208 1350 2258 salutis
1373 2225 1476 2258 non
1499 2210 1653 2257 modo
1677 2225 1780 2256 non

108 2306 434 2359 oppugnator,
475 2306 530 2344 ut
575 2294 762 2343 inimici
803 2292 903 2342 mei
944 2302 1189 2357 putarant,
1230 2293 1321 2340 sed
1360 2290 1506 2340 etiam
1549 2292 1780 2339 defensor

107 2377 288 2438 fuisset,
315 2376 460 2425 huius
492 2376 544 2424 in
575 2375 794 2439 periculo
828 2391 930 2423 non
964 2374 1288 2438 significarem
1326 2374 1549 2421 dolorem
1582 2373 1779 2420 meum?

108 2467 160 2506 tu
195 2448 376 2516 autem,
422 2457 716 2516 Laterensis,
758 2455 843 2518 qui
889 2466 995 2504 tum
1036 2454 1261 2503 lacrimas
1299 2470 1436 2503 meas
1474 2461 1634 2517 gratas
1670 2467 1778 2501 esse

109 2540 322 2598 dicebas,
350 2556 482 2587 nunc
507 2540 709 2588 easdem
732 2538 805 2587 vis
829 2537 1097 2586 invidiosas
1119 2536 1287 2585 videri.

46 2637 88 2668 30
209 2623 417 2670 XXXII
489 2622 657 2683 Negas
699 2619 1003 2667 tribunatum
1036 2618 1225 2666 Plancii
1257 2616 1522 2680 quicquam
1558 2616 1778 2666 attulisse

107 2701 380 2752 adiumenti
421 2701 646 2764 dignitati
682 2717 836 2761 meae,
880 2709 1028 2762 atque
1063 2701 1159 2748 hoc
1196 2701 1322 2758 loco,
1359 2700 1495 2761 quod
1529 2698 1779 2748 verissime

108 2785 267 2832 facere
312 2793 469 2846 potes,
521 2785 575 2830 L.
628 2781 818 2839 Racilii,
869 2779 1118 2829 fortissimi
1161 2789 1208 2828 et
1250 2779 1634 2828 constantissimi
1673 2779 1775 2838 viri,

109 2864 275 2914 divina
307 2864 474 2913 inme
508 2864 682 2913 merita
717 2877 1089 2912 commemoras
1154 2860 1233 2909 cui
1269 2860 1471 2925 quidem
1500 2877 1607 2926 ego,
1637 2860 1776 2910 sicuti
